timestamp,best_bid,best_ask,spread
2025-03-25 14:29:55,0.0421,0.0422,0.00010000000000000286
2025-03-25 14:29:57,0.0421,0.0422,0.00010000000000000286
2025-03-25 14:29:59,0.0421,0.0422,0.00010000000000000286
2025-03-25 14:30:00,0.0421,0.0422,0.00010000000000000286
2025-03-25 14:30:01,0.0421,0.0422,0.00010000000000000286
2025-03-25 14:30:02,0.0421,0.0422,0.00010000000000000286
2025-03-25 14:30:07,0.0421,0.0422,0.00010000000000000286
2025-03-25 14:30:11,0.0421,0.0422,0.00010000000000000286
2025-03-25 14:30:12,0.0421,0.0422,0.00010000000000000286
2025-03-25 14:30:23,0.0421,0.0422,0.00010000000000000286
2025-03-25 14:30:26,0.0421,0.0422,0.00010000000000000286
2025-03-25 14:30:27,0.0421,0.0422,0.00010000000000000286
2025-03-25 14:30:28,0.0421,0.0422,0.00010000000000000286
2025-03-25 14:30:29,0.0421,0.0422,0.00010000000000000286
2025-03-25 14:30:32,0.0421,0.0421,0.0
2025-03-25 14:30:33,0.0421,0.0421,0.0
2025-03-25 14:30:36,0.042,0.0421,9.999999999999593e-05
2025-03-25 14:30:37,0.042,0.0421,9.999999999999593e-05
2025-03-25 14:30:38,0.042,0.0421,9.999999999999593e-05
2025-03-25 14:30:39,0.042,0.0421,9.999999999999593e-05
2025-03-25 14:30:40,0.042,0.0421,9.999999999999593e-05
2025-03-25 14:30:48,0.042,0.0421,9.999999999999593e-05
2025-03-25 14:30:58,0.042,0.0421,9.999999999999593e-05
2025-03-25 14:30:59,0.042,0.0421,9.999999999999593e-05
2025-03-25 14:31:00,0.042,0.0421,9.999999999999593e-05
2025-03-25 14:31:01,0.042,0.0421,9.999999999999593e-05
2025-03-25 14:31:02,0.042,0.0421,9.999999999999593e-05
2025-03-25 14:31:03,0.042,0.0421,9.999999999999593e-05
2025-03-25 14:31:04,0.042,0.0421,9.999999999999593e-05
2025-03-25 14:31:06,0.042,0.0421,9.999999999999593e-05
2025-03-25 14:31:07,0.042,0.0421,9.999999999999593e-05
2025-03-25 14:31:08,0.042,0.0421,9.999999999999593e-05
2025-03-25 14:31:12,0.042,0.0421,9.999999999999593e-05
2025-03-25 14:31:13,0.042,0.0421,9.999999999999593e-05
2025-03-25 14:31:14,0.042,0.0421,9.999999999999593e-05
2025-03-25 14:31:15,0.042,0.0421,9.999999999999593e-05
2025-03-25 14:31:17,0.042,0.0421,9.999999999999593e-05
2025-03-25 14:31:28,0.042,0.0421,9.999999999999593e-05
2025-03-25 14:31:31,0.042,0.0421,9.999999999999593e-05
2025-03-25 14:31:33,0.042,0.0421,9.999999999999593e-05
2025-03-25 14:31:35,0.0421,0.0421,0.0
2025-03-25 14:31:36,0.0421,0.0421,0.0
2025-03-25 14:31:38,0.0421,0.0421,0.0
2025-03-25 14:31:39,0.0421,0.0421,0.0
2025-03-25 14:31:40,0.0421,0.0421,0.0
2025-03-25 14:31:41,0.0421,0.0421,0.0
2025-03-25 14:31:42,0.0421,0.0421,0.0
2025-03-25 14:31:44,0.0421,0.0421,0.0
2025-03-25 14:31:45,0.0421,0.0421,0.0
2025-03-25 14:31:47,0.0421,0.0421,0.0
2025-03-25 14:31:57,0.0421,0.0421,0.0
2025-03-25 14:32:00,0.0421,0.0421,0.0
2025-03-25 14:32:01,0.0421,0.0421,0.0
2025-03-25 14:32:02,0.0421,0.0421,0.0
2025-03-25 14:32:05,0.0421,0.0421,0.0
2025-03-25 14:32:06,0.0421,0.0421,0.0
2025-03-25 14:32:07,0.0421,0.0421,0.0
2025-03-25 14:32:08,0.0421,0.0421,0.0
2025-03-25 14:32:09,0.0421,0.0421,0.0
2025-03-25 14:32:45,0.0421,0.0421,0.0
2025-03-25 14:32:46,0.0421,0.0421,0.0
2025-03-25 14:32:49,0.0421,0.0421,0.0
2025-03-25 14:32:50,0.0421,0.0421,0.0
2025-03-25 14:32:51,0.0421,0.0421,0.0
2025-03-25 14:32:54,0.0421,0.0421,0.0
2025-03-25 14:32:55,0.0421,0.0421,0.0
2025-03-25 14:33:01,0.0421,0.0421,0.0
2025-03-25 14:33:02,0.0421,0.0421,0.0
2025-03-25 14:33:03,0.0421,0.0421,0.0
2025-03-25 14:33:04,0.0421,0.0421,0.0
2025-03-25 14:33:05,0.0421,0.0421,0.0
2025-03-25 14:33:06,0.0421,0.0421,0.0
2025-03-25 14:33:08,0.0421,0.0421,0.0
2025-03-25 14:33:09,0.0421,0.0421,0.0
2025-03-25 14:33:10,0.0421,0.0421,0.0
2025-03-25 14:33:11,0.0421,0.0421,0.0
2025-03-25 14:33:12,0.0421,0.0421,0.0
2025-03-25 14:33:13,0.0421,0.0421,0.0
2025-03-25 14:33:14,0.0421,0.0421,0.0
2025-03-25 14:33:18,0.0421,0.0421,0.0
2025-03-25 14:33:19,0.0421,0.0421,0.0
2025-03-25 14:33:20,0.0421,0.0421,0.0
2025-03-25 14:33:30,0.0421,0.0421,0.0
2025-03-25 14:33:31,0.0421,0.0421,0.0
2025-03-25 14:33:43,0.0421,0.0421,0.0
2025-03-25 14:33:44,0.0421,0.0421,0.0
2025-03-25 14:33:46,0.0421,0.0421,0.0
2025-03-25 14:33:47,0.0421,0.0421,0.0
2025-03-25 14:33:48,0.0421,0.0421,0.0
2025-03-25 14:33:49,0.0421,0.0421,0.0
2025-03-25 14:33:50,0.0421,0.0421,0.0
2025-03-25 14:33:51,0.0421,0.0421,0.0
2025-03-25 14:33:52,0.0421,0.0421,0.0
2025-03-25 14:33:53,0.0421,0.0421,0.0
2025-03-25 14:33:54,0.0421,0.0421,0.0
2025-03-25 14:33:55,0.0421,0.0421,0.0
2025-03-25 14:33:56,0.0421,0.0421,0.0
2025-03-25 14:33:59,0.0421,0.0421,0.0
2025-03-25 14:34:01,0.0421,0.0421,0.0
2025-03-25 14:34:02,0.0421,0.0421,0.0
2025-03-25 14:34:05,0.0421,0.0421,0.0
2025-03-25 14:34:06,0.0421,0.0421,0.0
2025-03-25 14:34:07,0.0421,0.0421,0.0
2025-03-25 14:34:09,0.0421,0.0421,0.0
2025-03-25 14:34:11,0.0421,0.0421,0.0
2025-03-25 14:34:12,0.0421,0.0421,0.0
2025-03-25 14:34:13,0.0421,0.0421,0.0
2025-03-25 14:34:14,0.0421,0.0421,0.0
2025-03-25 14:34:15,0.0421,0.0421,0.0
2025-03-25 14:34:34,0.0421,0.0421,0.0
2025-03-25 14:34:40,0.0421,0.0421,0.0
2025-03-25 14:34:47,0.0421,0.0421,0.0
2025-03-25 14:34:48,0.0421,0.0421,0.0
2025-03-25 14:34:49,0.0421,0.0421,0.0
2025-03-25 14:34:51,0.0421,0.0421,0.0
2025-03-25 14:34:52,0.0421,0.0421,0.0
2025-03-25 14:34:54,0.0421,0.0421,0.0
2025-03-25 14:35:01,0.0421,0.0421,0.0
2025-03-25 14:35:02,0.0421,0.0421,0.0
2025-03-25 14:35:03,0.0421,0.0421,0.0
2025-03-25 14:35:05,0.0421,0.0421,0.0
2025-03-25 14:35:06,0.0421,0.0421,0.0
2025-03-25 14:35:11,0.0421,0.0421,0.0
2025-03-25 14:35:12,0.0421,0.0421,0.0
2025-03-25 14:35:15,0.0421,0.0421,0.0
2025-03-25 14:35:16,0.0421,0.0421,0.0
2025-03-25 14:35:18,0.0421,0.0421,0.0
2025-03-25 14:35:19,0.0421,0.0421,0.0
2025-03-25 14:35:23,0.0421,0.0421,0.0
2025-03-25 14:35:25,0.0421,0.0421,0.0
2025-03-25 14:35:26,0.0421,0.0421,0.0
2025-03-25 14:35:27,0.0421,0.0421,0.0
2025-03-25 14:35:34,0.0421,0.0421,0.0
2025-03-25 14:35:38,0.0421,0.0421,0.0
2025-03-25 14:35:39,0.0421,0.0421,0.0
2025-03-25 14:35:43,0.0421,0.0421,0.0
2025-03-25 14:35:44,0.0421,0.0421,0.0
2025-03-25 14:35:49,0.0421,0.0421,0.0
2025-03-25 14:35:53,0.0421,0.0421,0.0
2025-03-25 14:36:00,0.0421,0.0421,0.0
2025-03-25 14:36:01,0.0421,0.0421,0.0
2025-03-25 14:36:02,0.0421,0.0421,0.0
2025-03-25 14:36:03,0.0421,0.0421,0.0
2025-03-25 14:36:05,0.0421,0.0421,0.0
2025-03-25 14:36:06,0.042,0.0421,9.999999999999593e-05
2025-03-25 14:36:07,0.042,0.0421,9.999999999999593e-05
2025-03-25 14:36:11,0.042,0.0421,9.999999999999593e-05
2025-03-25 14:36:12,0.042,0.0421,9.999999999999593e-05
2025-03-25 14:36:13,0.042,0.0421,9.999999999999593e-05
2025-03-25 14:36:14,0.042,0.0421,9.999999999999593e-05
2025-03-25 14:36:15,0.042,0.0421,9.999999999999593e-05
2025-03-25 14:36:17,0.0421,0.0421,0.0
2025-03-25 14:36:24,0.0421,0.0421,0.0
2025-03-25 14:36:25,0.0421,0.0421,0.0
2025-03-25 14:36:34,0.0421,0.0421,0.0
2025-03-25 14:36:36,0.0421,0.0421,0.0
2025-03-25 14:36:38,0.0421,0.0421,0.0
2025-03-25 14:36:50,0.0421,0.0421,0.0
2025-03-25 14:36:53,0.0421,0.0421,0.0
2025-03-25 14:36:54,0.0421,0.0421,0.0
2025-03-25 14:36:55,0.0421,0.0421,0.0
2025-03-25 14:36:59,0.0421,0.0421,0.0
2025-03-25 14:37:01,0.0421,0.0421,0.0
2025-03-25 14:37:02,0.0421,0.0421,0.0
2025-03-25 14:37:03,0.0421,0.0421,0.0
2025-03-25 14:37:04,0.0421,0.0421,0.0
2025-03-25 14:37:05,0.0421,0.0421,0.0
2025-03-25 14:37:06,0.0421,0.0421,0.0
2025-03-25 14:37:08,0.0421,0.0421,0.0
2025-03-25 14:37:09,0.0421,0.0421,0.0
2025-03-25 14:37:10,0.0421,0.0421,0.0
2025-03-25 14:37:11,0.0421,0.0421,0.0
2025-03-25 14:37:12,0.0421,0.0421,0.0
2025-03-25 14:37:14,0.0421,0.0421,0.0
2025-03-25 14:37:15,0.0421,0.0421,0.0
2025-03-25 14:37:16,0.0421,0.0421,0.0
2025-03-25 14:37:17,0.0421,0.0421,0.0
2025-03-25 14:37:18,0.0421,0.0421,0.0
2025-03-25 14:37:19,0.0421,0.0421,0.0
2025-03-25 14:37:26,0.0421,0.0421,0.0
2025-03-25 14:37:30,0.0421,0.0421,0.0
2025-03-25 14:37:34,0.0421,0.0421,0.0
2025-03-25 14:37:35,0.0421,0.0421,0.0
2025-03-25 14:37:36,0.0421,0.0421,0.0
2025-03-25 14:37:37,0.0421,0.0421,0.0
2025-03-25 14:37:38,0.0421,0.0421,0.0
2025-03-25 14:37:39,0.0421,0.0421,0.0
2025-03-25 14:37:48,0.0421,0.0421,0.0
2025-03-25 14:37:51,0.0421,0.0421,0.0
2025-03-25 14:37:52,0.0421,0.0421,0.0
2025-03-25 14:38:01,0.0421,0.0421,0.0
2025-03-25 14:38:02,0.0421,0.0421,0.0
2025-03-25 14:38:03,0.0421,0.0421,0.0
2025-03-25 14:38:04,0.0421,0.0421,0.0
2025-03-25 14:38:08,0.0421,0.0421,0.0
2025-03-25 14:38:09,0.0421,0.0421,0.0
2025-03-25 14:38:12,0.0421,0.0421,0.0
2025-03-25 14:38:13,0.0421,0.0421,0.0
2025-03-25 14:38:16,0.0421,0.0421,0.0
2025-03-25 14:38:17,0.0421,0.0421,0.0
2025-03-25 14:38:19,0.0421,0.0421,0.0
2025-03-25 14:38:29,0.0421,0.0421,0.0
2025-03-25 14:38:30,0.0421,0.0421,0.0
2025-03-25 14:38:31,0.0421,0.0421,0.0
2025-03-25 14:39:01,0.0421,0.0421,0.0
2025-03-25 14:39:02,0.0421,0.0421,0.0
2025-03-25 14:39:09,0.0421,0.0421,0.0
2025-03-25 14:39:10,0.0421,0.0421,0.0
2025-03-25 14:39:11,0.0421,0.0421,0.0
2025-03-25 14:39:12,0.0421,0.0421,0.0
2025-03-25 14:39:16,0.0421,0.0421,0.0
2025-03-25 14:39:22,0.0421,0.0421,0.0
2025-03-25 14:39:23,0.0421,0.0421,0.0
2025-03-25 14:39:27,0.0421,0.0421,0.0
2025-03-25 14:39:28,0.0421,0.0421,0.0
2025-03-25 14:39:33,0.0421,0.0421,0.0
2025-03-25 14:39:34,0.0421,0.0421,0.0
2025-03-25 14:39:35,0.0421,0.0421,0.0
2025-03-25 14:39:36,0.0421,0.0421,0.0
2025-03-25 14:39:37,0.0421,0.0421,0.0
2025-03-25 14:39:39,0.0421,0.0421,0.0
2025-03-25 14:39:41,0.0421,0.0421,0.0
2025-03-25 14:39:42,0.0421,0.0421,0.0
2025-03-25 14:39:43,0.0421,0.0421,0.0
2025-03-25 14:39:49,0.0421,0.0421,0.0
2025-03-25 14:39:51,0.0421,0.0421,0.0
2025-03-25 14:39:52,0.0421,0.0421,0.0
2025-03-25 14:39:56,0.0421,0.0421,0.0
2025-03-25 14:39:57,0.0421,0.0421,0.0
2025-03-25 14:39:58,0.0421,0.0421,0.0
2025-03-25 14:39:59,0.0421,0.0421,0.0
2025-03-25 14:40:00,0.0421,0.0421,0.0
2025-03-25 14:40:01,0.0421,0.0421,0.0
2025-03-25 14:40:02,0.0421,0.0421,0.0
2025-03-25 14:40:03,0.0421,0.0421,0.0
2025-03-25 14:40:05,0.0421,0.0421,0.0
2025-03-25 14:40:07,0.0421,0.0421,0.0
2025-03-25 14:40:08,0.0421,0.0421,0.0
2025-03-25 14:40:10,0.0421,0.0421,0.0
2025-03-25 14:40:12,0.0421,0.0421,0.0
2025-03-25 14:40:15,0.0421,0.0421,0.0
2025-03-25 14:40:16,0.0421,0.0421,0.0
2025-03-25 14:40:17,0.0421,0.0421,0.0
2025-03-25 14:40:18,0.0421,0.0421,0.0
2025-03-25 14:40:21,0.0421,0.0421,0.0
2025-03-25 14:40:22,0.0421,0.0421,0.0
2025-03-25 14:40:23,0.0421,0.0421,0.0
2025-03-25 14:40:24,0.0421,0.0421,0.0
2025-03-25 14:40:25,0.0421,0.0421,0.0
2025-03-25 14:40:41,0.0421,0.0421,0.0
2025-03-25 14:40:42,0.0421,0.0421,0.0
2025-03-25 14:40:47,0.0421,0.0421,0.0
2025-03-25 14:40:50,0.0421,0.0421,0.0
2025-03-25 14:40:53,0.0421,0.0421,0.0
2025-03-25 14:40:56,0.0421,0.0421,0.0
2025-03-25 14:40:57,0.0421,0.0421,0.0
2025-03-25 14:41:01,0.0421,0.0421,0.0
2025-03-25 14:41:02,0.0421,0.0421,0.0
2025-03-25 14:41:03,0.0421,0.0421,0.0
2025-03-25 14:41:05,0.0421,0.0421,0.0
2025-03-25 14:41:09,0.0421,0.0421,0.0
2025-03-25 14:41:10,0.0421,0.0421,0.0
2025-03-25 14:41:18,0.0421,0.0421,0.0
2025-03-25 14:41:22,0.0421,0.0421,0.0
2025-03-25 14:41:24,0.0421,0.0421,0.0
2025-03-25 14:41:25,0.0421,0.0421,0.0
2025-03-25 14:41:28,0.0421,0.0421,0.0
2025-03-25 14:41:30,0.0421,0.0421,0.0
2025-03-25 14:41:31,0.0421,0.0421,0.0
2025-03-25 14:41:36,0.042,0.0421,9.999999999999593e-05
2025-03-25 14:41:37,0.0421,0.0421,0.0
2025-03-25 14:41:38,0.0421,0.0421,0.0
2025-03-25 14:41:39,0.0421,0.0421,0.0
2025-03-25 14:41:40,0.0421,0.0421,0.0
2025-03-25 14:41:42,0.0421,0.0421,0.0
2025-03-25 14:41:43,0.0421,0.0421,0.0
2025-03-25 14:41:45,0.0421,0.0421,0.0
2025-03-25 14:41:46,0.0421,0.0421,0.0
2025-03-25 14:41:47,0.042,0.0421,9.999999999999593e-05
2025-03-25 14:41:48,0.042,0.0421,9.999999999999593e-05
2025-03-25 14:41:49,0.042,0.0421,9.999999999999593e-05
2025-03-25 14:41:50,0.042,0.0421,9.999999999999593e-05
2025-03-25 14:41:51,0.042,0.0421,9.999999999999593e-05
2025-03-25 14:41:52,0.042,0.0421,9.999999999999593e-05
2025-03-25 14:41:53,0.042,0.0421,9.999999999999593e-05
2025-03-25 14:41:55,0.042,0.0421,9.999999999999593e-05
2025-03-25 14:41:58,0.042,0.0421,9.999999999999593e-05
2025-03-25 14:42:01,0.042,0.0421,9.999999999999593e-05
2025-03-25 14:42:02,0.042,0.0421,9.999999999999593e-05
2025-03-25 14:42:03,0.042,0.0421,9.999999999999593e-05
2025-03-25 14:42:04,0.042,0.0421,9.999999999999593e-05
2025-03-25 14:42:08,0.042,0.0421,9.999999999999593e-05
2025-03-25 14:42:09,0.042,0.0421,9.999999999999593e-05
2025-03-25 14:42:10,0.042,0.0421,9.999999999999593e-05
2025-03-25 14:42:12,0.042,0.0421,9.999999999999593e-05
2025-03-25 14:42:13,0.042,0.0421,9.999999999999593e-05
2025-03-25 14:42:14,0.042,0.0421,9.999999999999593e-05
2025-03-25 14:42:15,0.042,0.0421,9.999999999999593e-05
2025-03-25 14:42:16,0.042,0.0421,9.999999999999593e-05
2025-03-25 14:42:18,0.042,0.0421,9.999999999999593e-05
2025-03-25 14:42:23,0.042,0.0421,9.999999999999593e-05
2025-03-25 14:42:24,0.042,0.0421,9.999999999999593e-05
2025-03-25 14:42:28,0.042,0.0421,9.999999999999593e-05
2025-03-25 14:42:34,0.042,0.0421,9.999999999999593e-05
2025-03-25 14:42:35,0.042,0.0421,9.999999999999593e-05
2025-03-25 14:42:36,0.042,0.0421,9.999999999999593e-05
2025-03-25 14:42:44,0.042,0.0421,9.999999999999593e-05
2025-03-25 14:42:46,0.042,0.0421,9.999999999999593e-05
2025-03-25 14:42:47,0.042,0.0421,9.999999999999593e-05
2025-03-25 14:42:48,0.042,0.0421,9.999999999999593e-05
2025-03-25 14:42:50,0.042,0.0421,9.999999999999593e-05
2025-03-25 14:42:52,0.042,0.0421,9.999999999999593e-05
2025-03-25 14:42:53,0.042,0.0421,9.999999999999593e-05
2025-03-25 14:43:00,0.042,0.0421,9.999999999999593e-05
2025-03-25 14:43:02,0.042,0.0421,9.999999999999593e-05
2025-03-25 14:43:04,0.042,0.0421,9.999999999999593e-05
2025-03-25 14:43:05,0.042,0.0421,9.999999999999593e-05
2025-03-25 14:43:06,0.042,0.0421,9.999999999999593e-05
2025-03-25 14:43:10,0.042,0.0421,9.999999999999593e-05
2025-03-25 14:43:12,0.042,0.0421,9.999999999999593e-05
2025-03-25 14:43:13,0.042,0.0421,9.999999999999593e-05
2025-03-25 14:43:14,0.042,0.0421,9.999999999999593e-05
2025-03-25 14:43:15,0.042,0.0421,9.999999999999593e-05
2025-03-25 14:43:17,0.042,0.0421,9.999999999999593e-05
2025-03-25 14:43:18,0.042,0.0421,9.999999999999593e-05
2025-03-25 14:43:19,0.042,0.0421,9.999999999999593e-05
2025-03-25 14:43:20,0.042,0.0421,9.999999999999593e-05
2025-03-25 14:43:21,0.042,0.0421,9.999999999999593e-05
2025-03-25 14:43:22,0.042,0.0421,9.999999999999593e-05
2025-03-25 14:43:23,0.042,0.0421,9.999999999999593e-05
2025-03-25 14:43:24,0.042,0.0421,9.999999999999593e-05
2025-03-25 14:43:27,0.042,0.0421,9.999999999999593e-05
2025-03-25 14:43:32,0.042,0.0421,9.999999999999593e-05
2025-03-25 14:43:33,0.042,0.0421,9.999999999999593e-05
2025-03-25 14:43:34,0.042,0.0421,9.999999999999593e-05
2025-03-25 14:43:40,0.042,0.0421,9.999999999999593e-05
2025-03-25 14:43:41,0.042,0.0421,9.999999999999593e-05
2025-03-25 14:43:47,0.042,0.0421,9.999999999999593e-05
2025-03-25 14:43:48,0.042,0.0421,9.999999999999593e-05
2025-03-25 14:43:55,0.042,0.0421,9.999999999999593e-05
2025-03-25 14:43:57,0.042,0.0421,9.999999999999593e-05
2025-03-25 14:44:00,0.042,0.0421,9.999999999999593e-05
2025-03-25 14:44:01,0.042,0.0421,9.999999999999593e-05
2025-03-25 14:44:02,0.042,0.0421,9.999999999999593e-05
2025-03-25 14:44:05,0.042,0.0421,9.999999999999593e-05
2025-03-25 14:44:06,0.042,0.0421,9.999999999999593e-05
2025-03-25 14:44:10,0.042,0.0421,9.999999999999593e-05
2025-03-25 14:44:12,0.042,0.0421,9.999999999999593e-05
2025-03-25 14:44:17,0.042,0.0421,9.999999999999593e-05
2025-03-25 14:44:32,0.042,0.0421,9.999999999999593e-05
2025-03-25 14:44:33,0.042,0.0421,9.999999999999593e-05
2025-03-25 14:44:34,0.042,0.0421,9.999999999999593e-05
2025-03-25 14:44:35,0.042,0.0421,9.999999999999593e-05
2025-03-25 14:44:39,0.042,0.0421,9.999999999999593e-05
2025-03-25 14:44:40,0.042,0.0421,9.999999999999593e-05
2025-03-25 14:44:41,0.042,0.0421,9.999999999999593e-05
2025-03-25 14:44:42,0.042,0.0421,9.999999999999593e-05
2025-03-25 14:44:45,0.042,0.0421,9.999999999999593e-05
2025-03-25 14:44:48,0.042,0.0421,9.999999999999593e-05
2025-03-25 14:44:52,0.042,0.0421,9.999999999999593e-05
2025-03-25 14:44:55,0.042,0.0421,9.999999999999593e-05
2025-03-25 14:44:56,0.042,0.0421,9.999999999999593e-05
2025-03-25 14:44:57,0.042,0.0421,9.999999999999593e-05
2025-03-25 14:44:58,0.042,0.0421,9.999999999999593e-05
2025-03-25 14:44:59,0.042,0.0421,9.999999999999593e-05
2025-03-25 14:45:00,0.042,0.0421,9.999999999999593e-05
2025-03-25 14:45:01,0.042,0.0421,9.999999999999593e-05
2025-03-25 14:45:02,0.042,0.0421,9.999999999999593e-05
2025-03-25 14:45:03,0.042,0.0421,9.999999999999593e-05
2025-03-25 14:45:04,0.042,0.0421,9.999999999999593e-05
2025-03-25 14:45:05,0.042,0.0421,9.999999999999593e-05
2025-03-25 14:45:07,0.042,0.0421,9.999999999999593e-05
2025-03-25 14:45:10,0.042,0.0421,9.999999999999593e-05
2025-03-25 14:45:11,0.042,0.0421,9.999999999999593e-05
2025-03-25 14:45:13,0.042,0.0421,9.999999999999593e-05
2025-03-25 14:45:14,0.042,0.0421,9.999999999999593e-05
2025-03-25 14:45:19,0.042,0.0421,9.999999999999593e-05
2025-03-25 14:45:20,0.042,0.0421,9.999999999999593e-05
2025-03-25 14:45:21,0.042,0.0421,9.999999999999593e-05
2025-03-25 14:45:22,0.042,0.0421,9.999999999999593e-05
2025-03-25 14:45:26,0.042,0.0421,9.999999999999593e-05
2025-03-25 14:45:27,0.042,0.0421,9.999999999999593e-05
2025-03-25 14:45:28,0.042,0.042,0.0
2025-03-25 14:45:29,0.042,0.042,0.0
2025-03-25 14:45:30,0.042,0.042,0.0
2025-03-25 14:45:31,0.042,0.042,0.0
2025-03-25 14:45:32,0.042,0.042,0.0
2025-03-25 14:45:33,0.042,0.042,0.0
2025-03-25 14:45:34,0.042,0.042,0.0
2025-03-25 14:45:35,0.042,0.042,0.0
2025-03-25 14:45:36,0.042,0.042,0.0
2025-03-25 14:45:37,0.042,0.042,0.0
2025-03-25 14:45:38,0.042,0.042,0.0
2025-03-25 14:45:42,0.042,0.042,0.0
2025-03-25 14:45:44,0.042,0.042,0.0
2025-03-25 14:45:49,0.042,0.042,0.0
2025-03-25 14:45:50,0.042,0.042,0.0
2025-03-25 14:45:52,0.042,0.042,0.0
2025-03-25 14:45:54,0.042,0.042,0.0
2025-03-25 14:45:56,0.042,0.042,0.0
2025-03-25 14:46:00,0.042,0.042,0.0
2025-03-25 14:46:01,0.042,0.042,0.0
2025-03-25 14:46:02,0.042,0.042,0.0
2025-03-25 14:46:04,0.042,0.042,0.0
2025-03-25 14:46:05,0.042,0.042,0.0
2025-03-25 14:46:07,0.042,0.042,0.0
2025-03-25 14:46:08,0.042,0.042,0.0
2025-03-25 14:46:10,0.042,0.042,0.0
2025-03-25 14:46:12,0.042,0.042,0.0
2025-03-25 14:46:15,0.042,0.042,0.0
2025-03-25 14:46:16,0.042,0.042,0.0
2025-03-25 14:46:25,0.042,0.042,0.0
2025-03-25 14:46:29,0.042,0.042,0.0
2025-03-25 14:46:31,0.042,0.042,0.0
2025-03-25 14:46:35,0.042,0.042,0.0
2025-03-25 14:46:36,0.042,0.042,0.0
2025-03-25 14:46:37,0.042,0.042,0.0
2025-03-25 14:46:38,0.042,0.042,0.0
2025-03-25 14:46:39,0.042,0.042,0.0
2025-03-25 14:46:41,0.042,0.042,0.0
2025-03-25 14:46:42,0.042,0.042,0.0
2025-03-25 14:46:47,0.042,0.042,0.0
2025-03-25 14:46:49,0.042,0.042,0.0
2025-03-25 14:46:50,0.042,0.042,0.0
2025-03-25 14:46:55,0.042,0.042,0.0
2025-03-25 14:47:00,0.042,0.042,0.0
2025-03-25 14:47:01,0.042,0.042,0.0
2025-03-25 14:47:02,0.042,0.042,0.0
2025-03-25 14:47:03,0.042,0.042,0.0
2025-03-25 14:47:04,0.042,0.042,0.0
2025-03-25 14:47:05,0.042,0.042,0.0
2025-03-25 14:47:06,0.042,0.042,0.0
2025-03-25 14:47:07,0.042,0.042,0.0
2025-03-25 14:47:08,0.042,0.042,0.0
2025-03-25 14:47:09,0.042,0.042,0.0
2025-03-25 14:47:10,0.042,0.042,0.0
2025-03-25 14:47:11,0.042,0.042,0.0
2025-03-25 14:47:12,0.042,0.042,0.0
2025-03-25 14:47:13,0.042,0.042,0.0
2025-03-25 14:47:14,0.042,0.042,0.0
2025-03-25 14:47:15,0.042,0.042,0.0
2025-03-25 14:47:16,0.042,0.042,0.0
2025-03-25 14:47:17,0.042,0.0421,9.999999999999593e-05
2025-03-25 14:47:18,0.042,0.0421,9.999999999999593e-05
2025-03-25 14:47:19,0.042,0.0421,9.999999999999593e-05
2025-03-25 14:47:20,0.042,0.0421,9.999999999999593e-05
2025-03-25 14:47:21,0.042,0.0421,9.999999999999593e-05
2025-03-25 14:47:22,0.042,0.0421,9.999999999999593e-05
2025-03-25 14:47:23,0.042,0.0421,9.999999999999593e-05
2025-03-25 14:47:24,0.042,0.0421,9.999999999999593e-05
2025-03-25 14:47:25,0.042,0.0421,9.999999999999593e-05
2025-03-25 14:47:26,0.042,0.0421,9.999999999999593e-05
2025-03-25 14:47:27,0.042,0.0421,9.999999999999593e-05
2025-03-25 14:47:28,0.042,0.042,0.0
2025-03-25 14:47:29,0.042,0.042,0.0
2025-03-25 14:47:30,0.042,0.042,0.0
2025-03-25 14:47:34,0.042,0.042,0.0
2025-03-25 14:47:36,0.042,0.042,0.0
2025-03-25 14:47:38,0.042,0.042,0.0
2025-03-25 14:47:40,0.042,0.042,0.0
2025-03-25 14:47:42,0.042,0.042,0.0
2025-03-25 14:47:43,0.042,0.042,0.0
2025-03-25 14:47:45,0.042,0.042,0.0
2025-03-25 14:47:50,0.042,0.042,0.0
2025-03-25 14:47:57,0.042,0.042,0.0
2025-03-25 14:47:59,0.042,0.042,0.0
2025-03-25 14:48:00,0.042,0.042,0.0
2025-03-25 14:48:01,0.042,0.042,0.0
2025-03-25 14:48:02,0.042,0.042,0.0
2025-03-25 14:48:05,0.042,0.042,0.0
2025-03-25 14:48:08,0.042,0.042,0.0
2025-03-25 14:48:09,0.042,0.042,0.0
2025-03-25 14:48:12,0.042,0.042,0.0
2025-03-25 14:48:13,0.042,0.042,0.0
2025-03-25 14:48:27,0.042,0.042,0.0
2025-03-25 14:48:28,0.042,0.042,0.0
2025-03-25 14:48:36,0.042,0.042,0.0
2025-03-25 14:48:37,0.042,0.042,0.0
2025-03-25 14:48:38,0.042,0.042,0.0
2025-03-25 14:48:39,0.042,0.042,0.0
2025-03-25 14:48:40,0.042,0.042,0.0
2025-03-25 14:48:41,0.042,0.042,0.0
2025-03-25 14:48:42,0.042,0.042,0.0
2025-03-25 14:48:43,0.042,0.042,0.0
2025-03-25 14:48:45,0.042,0.042,0.0
2025-03-25 14:48:48,0.042,0.042,0.0
2025-03-25 14:48:50,0.042,0.042,0.0
2025-03-25 14:48:56,0.042,0.042,0.0
2025-03-25 14:48:57,0.042,0.042,0.0
2025-03-25 14:48:58,0.042,0.042,0.0
2025-03-25 14:49:00,0.042,0.042,0.0
2025-03-25 14:49:01,0.042,0.042,0.0
2025-03-25 14:49:02,0.042,0.042,0.0
2025-03-25 14:49:04,0.042,0.042,0.0
2025-03-25 14:49:07,0.042,0.042,0.0
2025-03-25 14:49:09,0.042,0.042,0.0
2025-03-25 14:49:10,0.042,0.042,0.0
2025-03-25 14:49:12,0.042,0.042,0.0
2025-03-25 14:49:13,0.042,0.042,0.0
2025-03-25 14:49:17,0.042,0.042,0.0
2025-03-25 14:49:18,0.042,0.042,0.0
2025-03-25 14:49:19,0.042,0.042,0.0
2025-03-25 14:49:32,0.042,0.042,0.0
2025-03-25 14:49:34,0.042,0.042,0.0
2025-03-25 14:49:36,0.042,0.042,0.0
2025-03-25 14:49:43,0.042,0.042,0.0
2025-03-25 14:49:44,0.042,0.042,0.0
2025-03-25 14:49:45,0.042,0.042,0.0
2025-03-25 14:49:47,0.042,0.042,0.0
2025-03-25 14:49:50,0.042,0.042,0.0
2025-03-25 14:49:51,0.042,0.042,0.0
2025-03-25 14:50:00,0.042,0.042,0.0
2025-03-25 14:50:01,0.042,0.042,0.0
2025-03-25 14:50:02,0.042,0.042,0.0
2025-03-25 14:50:14,0.042,0.042,0.0
2025-03-25 14:50:19,0.042,0.042,0.0
2025-03-25 14:50:20,0.042,0.042,0.0
2025-03-25 14:50:24,0.042,0.042,0.0
2025-03-25 14:50:30,0.042,0.042,0.0
2025-03-25 14:50:32,0.042,0.042,0.0
2025-03-25 14:50:34,0.042,0.042,0.0
2025-03-25 14:51:04,0.042,0.042,0.0
2025-03-25 14:51:17,0.042,0.042,0.0
2025-03-25 14:51:19,0.042,0.042,0.0
2025-03-25 14:51:20,0.042,0.042,0.0
2025-03-25 14:51:29,0.042,0.042,0.0
2025-03-25 14:51:31,0.042,0.0421,9.999999999999593e-05
2025-03-25 14:51:32,0.042,0.0421,9.999999999999593e-05
2025-03-25 14:51:33,0.042,0.0421,9.999999999999593e-05
2025-03-25 14:51:34,0.042,0.0421,9.999999999999593e-05
2025-03-25 14:51:38,0.042,0.0421,9.999999999999593e-05
2025-03-25 14:51:39,0.042,0.042,0.0
2025-03-25 14:51:40,0.042,0.042,0.0
2025-03-25 14:51:41,0.042,0.042,0.0
2025-03-25 14:51:43,0.042,0.042,0.0
2025-03-25 14:51:46,0.042,0.042,0.0
2025-03-25 14:51:48,0.042,0.042,0.0
2025-03-25 14:51:50,0.042,0.042,0.0
2025-03-25 14:51:52,0.042,0.042,0.0
2025-03-25 14:51:56,0.042,0.042,0.0
2025-03-25 14:51:59,0.042,0.042,0.0
2025-03-25 14:52:00,0.042,0.042,0.0
2025-03-25 14:52:01,0.042,0.042,0.0
2025-03-25 14:52:02,0.042,0.042,0.0
2025-03-25 14:52:03,0.042,0.042,0.0
2025-03-25 14:52:04,0.042,0.042,0.0
2025-03-25 14:52:05,0.042,0.042,0.0
2025-03-25 14:52:07,0.042,0.042,0.0
2025-03-25 14:52:08,0.042,0.042,0.0
2025-03-25 14:52:10,0.042,0.042,0.0
2025-03-25 14:52:12,0.042,0.042,0.0
2025-03-25 14:52:13,0.042,0.042,0.0
2025-03-25 14:52:14,0.042,0.042,0.0
2025-03-25 14:52:16,0.042,0.042,0.0
2025-03-25 14:52:25,0.042,0.042,0.0
2025-03-25 14:52:26,0.042,0.042,0.0
2025-03-25 14:52:29,0.042,0.042,0.0
2025-03-25 14:52:30,0.042,0.042,0.0
2025-03-25 14:52:31,0.042,0.042,0.0
2025-03-25 14:52:33,0.042,0.042,0.0
2025-03-25 14:52:34,0.042,0.042,0.0
2025-03-25 14:52:42,0.042,0.042,0.0
2025-03-25 14:52:43,0.042,0.042,0.0
2025-03-25 14:52:44,0.042,0.042,0.0
2025-03-25 14:52:52,0.042,0.042,0.0
2025-03-25 14:52:53,0.042,0.042,0.0
2025-03-25 14:52:54,0.042,0.042,0.0
2025-03-25 14:52:55,0.042,0.042,0.0
2025-03-25 14:52:56,0.042,0.042,0.0
2025-03-25 14:52:57,0.042,0.042,0.0
2025-03-25 14:53:00,0.042,0.042,0.0
2025-03-25 14:53:01,0.042,0.042,0.0
2025-03-25 14:53:02,0.042,0.042,0.0
2025-03-25 14:53:03,0.042,0.042,0.0
2025-03-25 14:53:07,0.042,0.042,0.0
2025-03-25 14:53:09,0.042,0.042,0.0
2025-03-25 14:53:10,0.042,0.042,0.0
2025-03-25 14:53:15,0.042,0.042,0.0
2025-03-25 14:53:17,0.042,0.042,0.0
2025-03-25 14:53:18,0.042,0.042,0.0
2025-03-25 14:53:28,0.042,0.042,0.0
2025-03-25 14:53:29,0.042,0.042,0.0
2025-03-25 14:53:33,0.042,0.042,0.0
2025-03-25 14:53:34,0.042,0.042,0.0
2025-03-25 14:53:35,0.042,0.042,0.0
2025-03-25 14:53:36,0.042,0.042,0.0
2025-03-25 14:53:37,0.042,0.042,0.0
2025-03-25 14:53:38,0.042,0.042,0.0
2025-03-25 14:53:39,0.042,0.042,0.0
2025-03-25 14:53:42,0.042,0.042,0.0
2025-03-25 14:53:43,0.042,0.042,0.0
2025-03-25 14:53:46,0.042,0.042,0.0
2025-03-25 14:53:47,0.042,0.042,0.0
2025-03-25 14:53:49,0.042,0.042,0.0
2025-03-25 14:53:50,0.042,0.042,0.0
2025-03-25 14:53:52,0.042,0.042,0.0
2025-03-25 14:53:53,0.042,0.042,0.0
2025-03-25 14:53:54,0.042,0.042,0.0
2025-03-25 14:53:55,0.042,0.042,0.0
2025-03-25 14:53:56,0.042,0.042,0.0
2025-03-25 14:53:57,0.042,0.042,0.0
2025-03-25 14:53:58,0.042,0.042,0.0
2025-03-25 14:53:59,0.042,0.042,0.0
2025-03-25 14:54:00,0.042,0.042,0.0
2025-03-25 14:54:01,0.042,0.042,0.0
2025-03-25 14:54:02,0.042,0.042,0.0
2025-03-25 14:54:03,0.042,0.042,0.0
2025-03-25 14:54:04,0.042,0.042,0.0
2025-03-25 14:54:12,0.042,0.042,0.0
2025-03-25 14:54:13,0.042,0.042,0.0
2025-03-25 14:54:14,0.042,0.042,0.0
2025-03-25 14:54:22,0.042,0.042,0.0
2025-03-25 14:54:23,0.042,0.042,0.0
2025-03-25 14:54:32,0.042,0.042,0.0
2025-03-25 14:54:34,0.042,0.042,0.0
2025-03-25 14:54:43,0.042,0.042,0.0
2025-03-25 14:54:54,0.042,0.042,0.0
2025-03-25 14:55:00,0.042,0.042,0.0
2025-03-25 14:55:01,0.042,0.042,0.0
2025-03-25 14:55:02,0.042,0.042,0.0
2025-03-25 14:55:04,0.042,0.042,0.0
2025-03-25 14:55:07,0.042,0.042,0.0
2025-03-25 14:55:08,0.042,0.042,0.0
2025-03-25 14:55:10,0.042,0.042,0.0
2025-03-25 14:55:11,0.042,0.042,0.0
2025-03-25 14:55:12,0.042,0.042,0.0
2025-03-25 14:55:13,0.042,0.042,0.0
2025-03-25 14:55:14,0.042,0.042,0.0
2025-03-25 14:55:15,0.042,0.042,0.0
2025-03-25 14:55:20,0.042,0.042,0.0
2025-03-25 14:55:21,0.042,0.042,0.0
2025-03-25 14:55:26,0.042,0.042,0.0
2025-03-25 14:55:27,0.042,0.042,0.0
2025-03-25 14:55:31,0.042,0.042,0.0
2025-03-25 14:55:36,0.042,0.042,0.0
2025-03-25 14:55:37,0.042,0.042,0.0
2025-03-25 14:55:51,0.042,0.042,0.0
2025-03-25 14:55:52,0.042,0.042,0.0
2025-03-25 14:55:53,0.042,0.042,0.0
2025-03-25 14:55:55,0.042,0.042,0.0
2025-03-25 14:55:56,0.042,0.042,0.0
2025-03-25 14:56:00,0.042,0.042,0.0
2025-03-25 14:56:01,0.042,0.042,0.0
2025-03-25 14:56:02,0.042,0.042,0.0
2025-03-25 14:56:03,0.042,0.042,0.0
2025-03-25 14:56:04,0.042,0.042,0.0
2025-03-25 14:56:05,0.042,0.042,0.0
2025-03-25 14:56:06,0.042,0.042,0.0
2025-03-25 14:56:07,0.042,0.042,0.0
2025-03-25 14:56:09,0.042,0.042,0.0
2025-03-25 14:56:10,0.042,0.042,0.0
2025-03-25 14:56:11,0.042,0.042,0.0
2025-03-25 14:56:15,0.042,0.042,0.0
2025-03-25 14:56:17,0.042,0.042,0.0
2025-03-25 14:56:19,0.042,0.042,0.0
2025-03-25 14:56:22,0.042,0.042,0.0
2025-03-25 14:56:29,0.042,0.042,0.0
2025-03-25 14:56:33,0.042,0.042,0.0
2025-03-25 14:56:37,0.042,0.042,0.0
2025-03-25 14:56:40,0.042,0.042,0.0
2025-03-25 14:56:42,0.042,0.042,0.0
2025-03-25 14:57:01,0.042,0.042,0.0
2025-03-25 14:57:02,0.042,0.042,0.0
2025-03-25 14:57:07,0.042,0.042,0.0
2025-03-25 14:57:12,0.042,0.042,0.0
2025-03-25 14:57:13,0.042,0.042,0.0
2025-03-25 14:57:26,0.042,0.042,0.0
2025-03-25 14:57:29,0.042,0.042,0.0
2025-03-25 14:58:04,0.042,0.042,0.0
2025-03-25 14:58:05,0.042,0.042,0.0
2025-03-25 14:58:06,0.042,0.042,0.0
2025-03-25 14:58:08,0.042,0.042,0.0
2025-03-25 14:58:09,0.042,0.042,0.0
2025-03-25 14:58:10,0.042,0.042,0.0
2025-03-25 14:58:11,0.042,0.042,0.0
2025-03-25 14:58:12,0.042,0.042,0.0
2025-03-25 14:58:13,0.042,0.042,0.0
2025-03-25 14:58:14,0.042,0.042,0.0
2025-03-25 14:58:20,0.042,0.042,0.0
2025-03-25 14:58:21,0.042,0.042,0.0
2025-03-25 14:58:22,0.042,0.042,0.0
2025-03-25 14:58:23,0.042,0.042,0.0
2025-03-25 14:58:24,0.042,0.042,0.0
2025-03-25 14:58:25,0.042,0.042,0.0
2025-03-25 14:58:37,0.042,0.042,0.0
2025-03-25 14:58:38,0.042,0.042,0.0
2025-03-25 14:58:39,0.042,0.042,0.0
2025-03-25 14:58:41,0.042,0.042,0.0
2025-03-25 14:58:42,0.0421,0.0421,0.0
2025-03-25 14:58:43,0.0421,0.0421,0.0
2025-03-25 14:58:44,0.0421,0.0421,0.0
2025-03-25 14:58:47,0.0421,0.0421,0.0
2025-03-25 14:58:48,0.0421,0.0421,0.0
2025-03-25 14:58:50,0.0421,0.0421,0.0
2025-03-25 14:58:51,0.0421,0.0421,0.0
2025-03-25 14:58:52,0.0421,0.0421,0.0
2025-03-25 14:58:53,0.0421,0.0421,0.0
2025-03-25 14:58:55,0.0421,0.0421,0.0
2025-03-25 14:58:56,0.0421,0.0421,0.0
2025-03-25 14:59:00,0.0421,0.0421,0.0
2025-03-25 14:59:01,0.0421,0.0421,0.0
2025-03-25 14:59:02,0.0421,0.0421,0.0
2025-03-25 14:59:03,0.0421,0.0421,0.0
2025-03-25 14:59:04,0.0421,0.0421,0.0
2025-03-25 14:59:07,0.0421,0.0421,0.0
2025-03-25 14:59:08,0.0421,0.0421,0.0
2025-03-25 14:59:11,0.0421,0.0421,0.0
2025-03-25 14:59:12,0.0421,0.0421,0.0
2025-03-25 14:59:13,0.0421,0.0422,0.00010000000000000286
2025-03-25 14:59:14,0.0422,0.0422,0.0
2025-03-25 14:59:15,0.0421,0.0422,0.00010000000000000286
2025-03-25 14:59:16,0.0421,0.0422,0.00010000000000000286
2025-03-25 14:59:17,0.0421,0.0422,0.00010000000000000286
2025-03-25 14:59:19,0.0421,0.0422,0.00010000000000000286
2025-03-25 14:59:20,0.0421,0.0422,0.00010000000000000286
2025-03-25 14:59:21,0.0421,0.0422,0.00010000000000000286
2025-03-25 14:59:22,0.0421,0.0422,0.00010000000000000286
2025-03-25 14:59:23,0.0421,0.0422,0.00010000000000000286
2025-03-25 14:59:24,0.0421,0.0422,0.00010000000000000286
2025-03-25 14:59:25,0.0421,0.0422,0.00010000000000000286
2025-03-25 14:59:31,0.0421,0.0422,0.00010000000000000286
2025-03-25 14:59:40,0.0421,0.0422,0.00010000000000000286
2025-03-25 14:59:41,0.0421,0.0422,0.00010000000000000286
2025-03-25 14:59:42,0.0421,0.0422,0.00010000000000000286
2025-03-25 14:59:43,0.0421,0.0422,0.00010000000000000286
2025-03-25 14:59:44,0.0421,0.0422,0.00010000000000000286
2025-03-25 14:59:45,0.0421,0.0422,0.00010000000000000286
2025-03-25 14:59:46,0.0421,0.0422,0.00010000000000000286
2025-03-25 14:59:47,0.0421,0.0422,0.00010000000000000286
2025-03-25 14:59:48,0.0421,0.0422,0.00010000000000000286
2025-03-25 14:59:52,0.0421,0.0422,0.00010000000000000286
2025-03-25 14:59:53,0.0421,0.0422,0.00010000000000000286
2025-03-25 14:59:54,0.0421,0.0422,0.00010000000000000286
2025-03-25 14:59:57,0.0421,0.0422,0.00010000000000000286
2025-03-25 14:59:58,0.0421,0.0422,0.00010000000000000286
2025-03-25 14:59:59,0.0421,0.0422,0.00010000000000000286
2025-03-25 15:00:00,0.0421,0.0422,0.00010000000000000286
2025-03-25 15:00:01,0.0421,0.0422,0.00010000000000000286
2025-03-25 15:00:02,0.0421,0.0422,0.00010000000000000286
2025-03-25 15:00:03,0.0421,0.0422,0.00010000000000000286
2025-03-25 15:00:04,0.0421,0.0422,0.00010000000000000286
2025-03-25 15:00:05,0.0421,0.0422,0.00010000000000000286
2025-03-25 15:00:06,0.0421,0.0422,0.00010000000000000286
2025-03-25 15:00:07,0.0421,0.0422,0.00010000000000000286
2025-03-25 15:00:12,0.0421,0.0422,0.00010000000000000286
2025-03-25 15:00:13,0.0421,0.0422,0.00010000000000000286
2025-03-25 15:00:14,0.0421,0.0422,0.00010000000000000286
2025-03-25 15:00:15,0.0421,0.0422,0.00010000000000000286
2025-03-25 15:00:16,0.0421,0.0422,0.00010000000000000286
2025-03-25 15:00:24,0.0421,0.0422,0.00010000000000000286
2025-03-25 15:00:28,0.0421,0.0422,0.00010000000000000286
2025-03-25 15:00:29,0.0421,0.0422,0.00010000000000000286
2025-03-25 15:00:30,0.0421,0.0422,0.00010000000000000286
2025-03-25 15:00:33,0.0421,0.0422,0.00010000000000000286
2025-03-25 15:00:35,0.0421,0.0422,0.00010000000000000286
2025-03-25 15:00:36,0.0421,0.0422,0.00010000000000000286
2025-03-25 15:00:37,0.0421,0.0422,0.00010000000000000286
2025-03-25 15:00:38,0.0421,0.0422,0.00010000000000000286
2025-03-25 15:00:39,0.0421,0.0422,0.00010000000000000286
2025-03-25 15:00:40,0.0421,0.0422,0.00010000000000000286
2025-03-25 15:00:41,0.0421,0.0422,0.00010000000000000286
2025-03-25 15:00:42,0.0421,0.0421,0.0
2025-03-25 15:00:43,0.0421,0.0421,0.0
2025-03-25 15:00:44,0.0421,0.0421,0.0
2025-03-25 15:00:45,0.0421,0.0421,0.0
2025-03-25 15:00:46,0.0421,0.0421,0.0
2025-03-25 15:00:48,0.0421,0.0421,0.0
2025-03-25 15:00:53,0.0421,0.0421,0.0
2025-03-25 15:00:58,0.0421,0.0421,0.0
2025-03-25 15:01:01,0.0421,0.0422,0.00010000000000000286
2025-03-25 15:01:02,0.0421,0.0422,0.00010000000000000286
2025-03-25 15:01:03,0.0422,0.0422,0.0
2025-03-25 15:01:04,0.0422,0.0423,9.999999999999593e-05
2025-03-25 15:01:05,0.0422,0.0423,9.999999999999593e-05
2025-03-25 15:01:06,0.0422,0.0423,9.999999999999593e-05
2025-03-25 15:01:07,0.0422,0.0423,9.999999999999593e-05
2025-03-25 15:01:08,0.0422,0.0423,9.999999999999593e-05
2025-03-25 15:01:09,0.0422,0.0423,9.999999999999593e-05
2025-03-25 15:01:10,0.0422,0.0423,9.999999999999593e-05
2025-03-25 15:01:11,0.0422,0.0423,9.999999999999593e-05
2025-03-25 15:01:12,0.0422,0.0423,9.999999999999593e-05
2025-03-25 15:01:13,0.0422,0.0423,9.999999999999593e-05
2025-03-25 15:01:20,0.0422,0.0423,9.999999999999593e-05
2025-03-25 15:01:21,0.0422,0.0423,9.999999999999593e-05
2025-03-25 15:01:22,0.0422,0.0423,9.999999999999593e-05
2025-03-25 15:01:24,0.0422,0.0423,9.999999999999593e-05
2025-03-25 15:01:26,0.0422,0.0423,9.999999999999593e-05
2025-03-25 15:01:30,0.0422,0.0423,9.999999999999593e-05
2025-03-25 15:01:34,0.0422,0.0422,0.0
2025-03-25 15:01:35,0.0422,0.0422,0.0
2025-03-25 15:01:39,0.0422,0.0422,0.0
2025-03-25 15:01:40,0.0422,0.0422,0.0
2025-03-25 15:01:42,0.0422,0.0422,0.0
2025-03-25 15:01:43,0.0422,0.0422,0.0
2025-03-25 15:01:44,0.0422,0.0422,0.0
2025-03-25 15:01:45,0.0422,0.0422,0.0
2025-03-25 15:01:46,0.0422,0.0422,0.0
2025-03-25 15:01:47,0.0422,0.0422,0.0
2025-03-25 15:01:48,0.0422,0.0422,0.0
2025-03-25 15:01:49,0.0422,0.0422,0.0
2025-03-25 15:01:51,0.0422,0.0422,0.0
2025-03-25 15:01:52,0.0422,0.0422,0.0
2025-03-25 15:01:53,0.0422,0.0422,0.0
2025-03-25 15:01:55,0.0422,0.0422,0.0
2025-03-25 15:01:58,0.0422,0.0422,0.0
2025-03-25 15:01:59,0.0422,0.0422,0.0
2025-03-25 15:02:01,0.0422,0.0422,0.0
2025-03-25 15:02:02,0.0422,0.0422,0.0
2025-03-25 15:02:03,0.0422,0.0422,0.0
2025-03-25 15:02:07,0.0422,0.0422,0.0
2025-03-25 15:02:08,0.0422,0.0422,0.0
2025-03-25 15:02:10,0.0422,0.0422,0.0
2025-03-25 15:02:11,0.0422,0.0422,0.0
2025-03-25 15:02:12,0.0422,0.0422,0.0
2025-03-25 15:02:13,0.0422,0.0422,0.0
2025-03-25 15:02:15,0.0422,0.0422,0.0
2025-03-25 15:02:19,0.0422,0.0422,0.0
2025-03-25 15:02:21,0.0422,0.0422,0.0
2025-03-25 15:02:24,0.0422,0.0422,0.0
2025-03-25 15:02:25,0.0422,0.0422,0.0
2025-03-25 15:02:26,0.0422,0.0422,0.0
2025-03-25 15:02:28,0.0422,0.0422,0.0
2025-03-25 15:02:31,0.0422,0.0422,0.0
2025-03-25 15:02:32,0.0422,0.0422,0.0
2025-03-25 15:02:37,0.0422,0.0422,0.0
2025-03-25 15:02:42,0.0422,0.0422,0.0
2025-03-25 15:02:50,0.0422,0.0422,0.0
2025-03-25 15:02:51,0.0422,0.0422,0.0
2025-03-25 15:02:52,0.0422,0.0422,0.0
2025-03-25 15:02:53,0.0422,0.0422,0.0
2025-03-25 15:02:54,0.0422,0.0422,0.0
2025-03-25 15:02:59,0.0422,0.0422,0.0
2025-03-25 15:03:01,0.0422,0.0422,0.0
2025-03-25 15:03:02,0.0422,0.0422,0.0
2025-03-25 15:03:03,0.0422,0.0422,0.0
2025-03-25 15:03:04,0.0422,0.0422,0.0
2025-03-25 15:03:06,0.0422,0.0422,0.0
2025-03-25 15:03:08,0.0422,0.0422,0.0
2025-03-25 15:03:09,0.0422,0.0422,0.0
2025-03-25 15:03:12,0.0422,0.0422,0.0
2025-03-25 15:03:13,0.0422,0.0422,0.0
2025-03-25 15:03:18,0.0422,0.0422,0.0
2025-03-25 15:03:19,0.0422,0.0422,0.0
2025-03-25 15:03:24,0.0422,0.0422,0.0
2025-03-25 15:03:25,0.0422,0.0422,0.0
2025-03-25 15:03:27,0.0422,0.0422,0.0
2025-03-25 15:03:31,0.0422,0.0422,0.0
2025-03-25 15:03:32,0.0422,0.0422,0.0
2025-03-25 15:03:33,0.0422,0.0422,0.0
2025-03-25 15:03:34,0.0422,0.0422,0.0
2025-03-25 15:03:35,0.0422,0.0422,0.0
2025-03-25 15:03:36,0.0422,0.0422,0.0
2025-03-25 15:03:37,0.0422,0.0422,0.0
2025-03-25 15:03:38,0.0422,0.0422,0.0
2025-03-25 15:03:39,0.0422,0.0422,0.0
2025-03-25 15:03:40,0.0422,0.0422,0.0
2025-03-25 15:03:42,0.0422,0.0422,0.0
2025-03-25 15:03:43,0.0422,0.0422,0.0
2025-03-25 15:03:47,0.0422,0.0423,9.999999999999593e-05
2025-03-25 15:03:48,0.0422,0.0423,9.999999999999593e-05
2025-03-25 15:03:49,0.0422,0.0423,9.999999999999593e-05
2025-03-25 15:03:51,0.0422,0.0423,9.999999999999593e-05
2025-03-25 15:03:52,0.0422,0.0423,9.999999999999593e-05
2025-03-25 15:03:53,0.0422,0.0423,9.999999999999593e-05
2025-03-25 15:03:54,0.0423,0.0423,0.0
2025-03-25 15:03:55,0.0423,0.0423,0.0
2025-03-25 15:03:56,0.0423,0.0423,0.0
2025-03-25 15:03:57,0.0423,0.0423,0.0
2025-03-25 15:03:58,0.0423,0.0423,0.0
2025-03-25 15:03:59,0.0423,0.0423,0.0
2025-03-25 15:04:01,0.0423,0.0423,0.0
2025-03-25 15:04:02,0.0423,0.0423,0.0
2025-03-25 15:04:03,0.0423,0.0423,0.0
2025-03-25 15:04:04,0.0423,0.0423,0.0
2025-03-25 15:04:05,0.0423,0.0423,0.0
2025-03-25 15:04:06,0.0423,0.0423,0.0
2025-03-25 15:04:07,0.0423,0.0423,0.0
2025-03-25 15:04:08,0.0423,0.0423,0.0
2025-03-25 15:04:09,0.0423,0.0423,0.0
2025-03-25 15:04:10,0.0423,0.0423,0.0
2025-03-25 15:04:11,0.0423,0.0423,0.0
2025-03-25 15:04:12,0.0423,0.0423,0.0
2025-03-25 15:04:13,0.0423,0.0423,0.0
2025-03-25 15:04:14,0.0423,0.0423,0.0
2025-03-25 15:04:15,0.0423,0.0423,0.0
2025-03-25 15:04:16,0.0423,0.0423,0.0
2025-03-25 15:04:17,0.0423,0.0423,0.0
2025-03-25 15:04:18,0.0423,0.0423,0.0
2025-03-25 15:04:22,0.0423,0.0423,0.0
2025-03-25 15:04:28,0.0423,0.0423,0.0
2025-03-25 15:04:34,0.0423,0.0423,0.0
2025-03-25 15:04:37,0.0423,0.0423,0.0
2025-03-25 15:04:38,0.0423,0.0423,0.0
2025-03-25 15:04:41,0.0423,0.0423,0.0
2025-03-25 15:04:42,0.0423,0.0423,0.0
2025-03-25 15:04:50,0.0423,0.0423,0.0
2025-03-25 15:04:51,0.0423,0.0424,0.00010000000000000286
2025-03-25 15:04:52,0.0423,0.0424,0.00010000000000000286
2025-03-25 15:04:53,0.0423,0.0424,0.00010000000000000286
2025-03-25 15:04:54,0.0423,0.0424,0.00010000000000000286
2025-03-25 15:04:55,0.0423,0.0424,0.00010000000000000286
2025-03-25 15:04:56,0.0423,0.0424,0.00010000000000000286
2025-03-25 15:04:57,0.0423,0.0424,0.00010000000000000286
2025-03-25 15:04:58,0.0423,0.0424,0.00010000000000000286
2025-03-25 15:04:59,0.0423,0.0424,0.00010000000000000286
2025-03-25 15:05:00,0.0423,0.0424,0.00010000000000000286
2025-03-25 15:05:01,0.0423,0.0424,0.00010000000000000286
2025-03-25 15:05:02,0.0423,0.0424,0.00010000000000000286
2025-03-25 15:05:03,0.0423,0.0424,0.00010000000000000286
2025-03-25 15:05:04,0.0423,0.0424,0.00010000000000000286
2025-03-25 15:05:05,0.0423,0.0424,0.00010000000000000286
2025-03-25 15:05:06,0.0423,0.0424,0.00010000000000000286
2025-03-25 15:05:09,0.0423,0.0424,0.00010000000000000286
2025-03-25 15:05:12,0.0423,0.0424,0.00010000000000000286
2025-03-25 15:05:22,0.0423,0.0424,0.00010000000000000286
2025-03-25 15:05:24,0.0423,0.0424,0.00010000000000000286
2025-03-25 15:05:27,0.0423,0.0424,0.00010000000000000286
2025-03-25 15:05:29,0.0423,0.0424,0.00010000000000000286
2025-03-25 15:05:42,0.0424,0.0424,0.0
2025-03-25 15:05:43,0.0424,0.0424,0.0
2025-03-25 15:05:44,0.0424,0.0424,0.0
2025-03-25 15:05:45,0.0423,0.0423,0.0
2025-03-25 15:05:46,0.0423,0.0423,0.0
2025-03-25 15:05:47,0.0423,0.0423,0.0
2025-03-25 15:05:48,0.0423,0.0423,0.0
2025-03-25 15:05:49,0.0423,0.0423,0.0
2025-03-25 15:05:50,0.0421,0.0422,0.00010000000000000286
2025-03-25 15:05:51,0.0421,0.0421,0.0
2025-03-25 15:05:52,0.0421,0.0421,0.0
2025-03-25 15:05:53,0.0421,0.0422,0.00010000000000000286
2025-03-25 15:05:54,0.0421,0.0422,0.00010000000000000286
2025-03-25 15:05:55,0.0421,0.0422,0.00010000000000000286
2025-03-25 15:05:56,0.0421,0.0422,0.00010000000000000286
2025-03-25 15:05:57,0.0421,0.0422,0.00010000000000000286
2025-03-25 15:05:58,0.0421,0.0422,0.00010000000000000286
2025-03-25 15:05:59,0.0421,0.0422,0.00010000000000000286
2025-03-25 15:06:00,0.0421,0.0422,0.00010000000000000286
2025-03-25 15:06:01,0.0421,0.0422,0.00010000000000000286
2025-03-25 15:06:02,0.0421,0.0422,0.00010000000000000286
2025-03-25 15:06:03,0.0421,0.0422,0.00010000000000000286
2025-03-25 15:06:04,0.0421,0.0422,0.00010000000000000286
2025-03-25 15:06:05,0.0421,0.0422,0.00010000000000000286
2025-03-25 15:06:06,0.0421,0.0422,0.00010000000000000286
2025-03-25 15:06:07,0.042,0.0421,9.999999999999593e-05
2025-03-25 15:06:08,0.042,0.0421,9.999999999999593e-05
2025-03-25 15:06:09,0.042,0.0421,9.999999999999593e-05
2025-03-25 15:06:10,0.042,0.0421,9.999999999999593e-05
2025-03-25 15:06:11,0.042,0.0421,9.999999999999593e-05
2025-03-25 15:06:12,0.042,0.0421,9.999999999999593e-05
2025-03-25 15:06:13,0.0421,0.0422,0.00010000000000000286
2025-03-25 15:06:14,0.0421,0.0422,0.00010000000000000286
2025-03-25 15:06:15,0.0421,0.0422,0.00010000000000000286
2025-03-25 15:06:16,0.0421,0.0422,0.00010000000000000286
2025-03-25 15:06:17,0.0421,0.0422,0.00010000000000000286
2025-03-25 15:06:18,0.0421,0.0422,0.00010000000000000286
2025-03-25 15:06:19,0.0421,0.0422,0.00010000000000000286
2025-03-25 15:06:20,0.0421,0.0422,0.00010000000000000286
2025-03-25 15:06:21,0.0421,0.0422,0.00010000000000000286
2025-03-25 15:06:22,0.0421,0.0422,0.00010000000000000286
2025-03-25 15:06:23,0.0421,0.0422,0.00010000000000000286
2025-03-25 15:06:24,0.0421,0.0422,0.00010000000000000286
2025-03-25 15:06:25,0.0421,0.0422,0.00010000000000000286
2025-03-25 15:06:26,0.0421,0.0422,0.00010000000000000286
2025-03-25 15:06:27,0.0421,0.0422,0.00010000000000000286
2025-03-25 15:06:28,0.0421,0.0422,0.00010000000000000286
2025-03-25 15:06:29,0.0421,0.0422,0.00010000000000000286
2025-03-25 15:06:30,0.0421,0.0422,0.00010000000000000286
2025-03-25 15:06:31,0.0421,0.0422,0.00010000000000000286
2025-03-25 15:06:32,0.0421,0.0422,0.00010000000000000286
2025-03-25 15:06:33,0.0421,0.0422,0.00010000000000000286
2025-03-25 15:06:34,0.0421,0.0422,0.00010000000000000286
2025-03-25 15:06:35,0.0421,0.0422,0.00010000000000000286
2025-03-25 15:06:36,0.0421,0.0422,0.00010000000000000286
2025-03-25 15:06:37,0.0421,0.0422,0.00010000000000000286
2025-03-25 15:06:38,0.0421,0.0422,0.00010000000000000286
2025-03-25 15:06:39,0.0421,0.0422,0.00010000000000000286
2025-03-25 15:06:40,0.0421,0.0422,0.00010000000000000286
2025-03-25 15:06:42,0.0421,0.0422,0.00010000000000000286
2025-03-25 15:06:44,0.0421,0.0422,0.00010000000000000286
2025-03-25 15:06:45,0.0421,0.0422,0.00010000000000000286
2025-03-25 15:06:49,0.0421,0.0422,0.00010000000000000286
2025-03-25 15:06:51,0.0421,0.0422,0.00010000000000000286
2025-03-25 15:06:52,0.0421,0.0422,0.00010000000000000286
2025-03-25 15:06:54,0.0421,0.0422,0.00010000000000000286
2025-03-25 15:06:58,0.0421,0.0422,0.00010000000000000286
2025-03-25 15:07:00,0.0421,0.0422,0.00010000000000000286
2025-03-25 15:07:01,0.0421,0.0422,0.00010000000000000286
2025-03-25 15:07:02,0.0421,0.0422,0.00010000000000000286
2025-03-25 15:07:03,0.0422,0.0422,0.0
2025-03-25 15:07:04,0.0422,0.0422,0.0
2025-03-25 15:07:12,0.0422,0.0422,0.0
2025-03-25 15:07:15,0.0422,0.0422,0.0
2025-03-25 15:07:17,0.0422,0.0422,0.0
2025-03-25 15:07:18,0.0422,0.0422,0.0
2025-03-25 15:07:19,0.0422,0.0422,0.0
2025-03-25 15:07:24,0.0422,0.0422,0.0
2025-03-25 15:07:31,0.0422,0.0422,0.0
2025-03-25 15:07:32,0.0422,0.0422,0.0
2025-03-25 15:07:38,0.0422,0.0422,0.0
2025-03-25 15:07:39,0.0422,0.0422,0.0
2025-03-25 15:07:40,0.0422,0.0422,0.0
2025-03-25 15:07:41,0.0422,0.0422,0.0
2025-03-25 15:07:42,0.0422,0.0422,0.0
2025-03-25 15:07:43,0.0422,0.0422,0.0
2025-03-25 15:07:44,0.0422,0.0422,0.0
2025-03-25 15:07:45,0.0422,0.0422,0.0
2025-03-25 15:07:46,0.0422,0.0423,9.999999999999593e-05
2025-03-25 15:07:47,0.0422,0.0423,9.999999999999593e-05
2025-03-25 15:07:48,0.0422,0.0423,9.999999999999593e-05
2025-03-25 15:07:49,0.0422,0.0423,9.999999999999593e-05
2025-03-25 15:07:50,0.0422,0.0423,9.999999999999593e-05
2025-03-25 15:07:51,0.0422,0.0423,9.999999999999593e-05
2025-03-25 15:07:52,0.0422,0.0423,9.999999999999593e-05
2025-03-25 15:07:53,0.0422,0.0422,0.0
2025-03-25 15:07:54,0.0422,0.0422,0.0
2025-03-25 15:07:56,0.0422,0.0422,0.0
2025-03-25 15:07:57,0.0422,0.0422,0.0
2025-03-25 15:07:58,0.0422,0.0422,0.0
2025-03-25 15:07:59,0.0422,0.0422,0.0
2025-03-25 15:08:00,0.0422,0.0422,0.0
2025-03-25 15:08:01,0.0422,0.0422,0.0
2025-03-25 15:08:02,0.0422,0.0422,0.0
2025-03-25 15:08:05,0.0422,0.0422,0.0
2025-03-25 15:08:06,0.0422,0.0422,0.0
2025-03-25 15:08:07,0.0422,0.0422,0.0
2025-03-25 15:08:08,0.0422,0.0422,0.0
2025-03-25 15:08:09,0.0422,0.0422,0.0
2025-03-25 15:08:12,0.0422,0.0422,0.0
2025-03-25 15:08:19,0.0421,0.0422,0.00010000000000000286
2025-03-25 15:08:20,0.0421,0.0422,0.00010000000000000286
2025-03-25 15:08:21,0.0421,0.0422,0.00010000000000000286
2025-03-25 15:08:22,0.0421,0.0422,0.00010000000000000286
2025-03-25 15:08:24,0.0421,0.0422,0.00010000000000000286
2025-03-25 15:08:25,0.0421,0.0422,0.00010000000000000286
2025-03-25 15:08:27,0.0421,0.0422,0.00010000000000000286
2025-03-25 15:08:28,0.0421,0.0422,0.00010000000000000286
2025-03-25 15:08:29,0.0421,0.0422,0.00010000000000000286
2025-03-25 15:08:31,0.0421,0.0422,0.00010000000000000286
2025-03-25 15:08:32,0.0421,0.0422,0.00010000000000000286
2025-03-25 15:08:33,0.0421,0.0422,0.00010000000000000286
2025-03-25 15:08:34,0.0421,0.0422,0.00010000000000000286
2025-03-25 15:08:36,0.0421,0.0422,0.00010000000000000286
2025-03-25 15:08:37,0.0421,0.0422,0.00010000000000000286
2025-03-25 15:08:38,0.0421,0.0422,0.00010000000000000286
2025-03-25 15:08:39,0.0421,0.0422,0.00010000000000000286
2025-03-25 15:08:40,0.0421,0.0422,0.00010000000000000286
2025-03-25 15:08:41,0.0421,0.0422,0.00010000000000000286
2025-03-25 15:08:42,0.0421,0.0422,0.00010000000000000286
2025-03-25 15:08:43,0.0421,0.0422,0.00010000000000000286
2025-03-25 15:08:46,0.0421,0.0422,0.00010000000000000286
2025-03-25 15:08:47,0.0421,0.0422,0.00010000000000000286
2025-03-25 15:08:50,0.0421,0.0422,0.00010000000000000286
2025-03-25 15:08:51,0.0421,0.0422,0.00010000000000000286
2025-03-25 15:09:00,0.0421,0.0422,0.00010000000000000286
2025-03-25 15:09:01,0.0421,0.0422,0.00010000000000000286
2025-03-25 15:09:02,0.0421,0.0422,0.00010000000000000286
2025-03-25 15:09:03,0.0421,0.0422,0.00010000000000000286
2025-03-25 15:09:04,0.0421,0.0422,0.00010000000000000286
2025-03-25 15:09:05,0.0421,0.0422,0.00010000000000000286
2025-03-25 15:09:06,0.0421,0.0422,0.00010000000000000286
2025-03-25 15:09:07,0.0421,0.0422,0.00010000000000000286
2025-03-25 15:09:12,0.0421,0.0422,0.00010000000000000286
2025-03-25 15:09:13,0.0421,0.0422,0.00010000000000000286
2025-03-25 15:09:14,0.0421,0.0422,0.00010000000000000286
2025-03-25 15:09:15,0.0421,0.0422,0.00010000000000000286
2025-03-25 15:09:16,0.0421,0.0422,0.00010000000000000286
2025-03-25 15:09:17,0.0421,0.0421,0.0
2025-03-25 15:09:18,0.0421,0.0421,0.0
2025-03-25 15:09:19,0.0421,0.0421,0.0
2025-03-25 15:09:20,0.0421,0.0421,0.0
2025-03-25 15:09:21,0.0421,0.0421,0.0
2025-03-25 15:09:23,0.0421,0.0421,0.0
2025-03-25 15:09:27,0.0421,0.0421,0.0
2025-03-25 15:09:28,0.0421,0.0421,0.0
2025-03-25 15:09:29,0.0421,0.0421,0.0
2025-03-25 15:09:31,0.0421,0.0421,0.0
2025-03-25 15:09:34,0.0421,0.0421,0.0
2025-03-25 15:09:38,0.0421,0.0421,0.0
2025-03-25 15:09:42,0.0421,0.0421,0.0
2025-03-25 15:10:01,0.0421,0.0421,0.0
2025-03-25 15:10:02,0.0421,0.0421,0.0
2025-03-25 15:10:03,0.0421,0.0422,0.00010000000000000286
2025-03-25 15:10:04,0.0421,0.0422,0.00010000000000000286
2025-03-25 15:10:05,0.0421,0.0422,0.00010000000000000286
2025-03-25 15:10:06,0.0421,0.0422,0.00010000000000000286
2025-03-25 15:10:07,0.0421,0.0422,0.00010000000000000286
2025-03-25 15:10:08,0.0421,0.0422,0.00010000000000000286
2025-03-25 15:10:10,0.0421,0.0422,0.00010000000000000286
2025-03-25 15:10:12,0.0421,0.0422,0.00010000000000000286
2025-03-25 15:10:13,0.0421,0.0422,0.00010000000000000286
2025-03-25 15:10:18,0.0421,0.0422,0.00010000000000000286
2025-03-25 15:10:19,0.0421,0.0422,0.00010000000000000286
2025-03-25 15:10:20,0.0421,0.0422,0.00010000000000000286
2025-03-25 15:10:21,0.0421,0.0422,0.00010000000000000286
2025-03-25 15:10:22,0.0421,0.0422,0.00010000000000000286
2025-03-25 15:10:25,0.0421,0.0422,0.00010000000000000286
2025-03-25 15:10:26,0.0421,0.0422,0.00010000000000000286
2025-03-25 15:10:27,0.0421,0.0422,0.00010000000000000286
2025-03-25 15:10:28,0.0421,0.0422,0.00010000000000000286
2025-03-25 15:10:31,0.0421,0.0422,0.00010000000000000286
2025-03-25 15:10:32,0.0421,0.0422,0.00010000000000000286
2025-03-25 15:10:34,0.0421,0.0422,0.00010000000000000286
2025-03-25 15:10:38,0.0421,0.0422,0.00010000000000000286
2025-03-25 15:10:45,0.0421,0.0422,0.00010000000000000286
2025-03-25 15:10:57,0.0421,0.0422,0.00010000000000000286
2025-03-25 15:10:58,0.0421,0.0422,0.00010000000000000286
2025-03-25 15:10:59,0.0421,0.0422,0.00010000000000000286
2025-03-25 15:11:00,0.0421,0.0422,0.00010000000000000286
2025-03-25 15:11:01,0.0421,0.0422,0.00010000000000000286
2025-03-25 15:11:02,0.0421,0.0422,0.00010000000000000286
2025-03-25 15:11:03,0.0421,0.0422,0.00010000000000000286
2025-03-25 15:11:04,0.0421,0.0422,0.00010000000000000286
2025-03-25 15:11:05,0.0421,0.0422,0.00010000000000000286
2025-03-25 15:11:06,0.0421,0.0422,0.00010000000000000286
2025-03-25 15:11:08,0.0421,0.0422,0.00010000000000000286
2025-03-25 15:11:10,0.0421,0.0422,0.00010000000000000286
2025-03-25 15:11:11,0.0421,0.0422,0.00010000000000000286
2025-03-25 15:11:12,0.0421,0.0422,0.00010000000000000286
2025-03-25 15:11:13,0.0421,0.0422,0.00010000000000000286
2025-03-25 15:11:18,0.0421,0.0422,0.00010000000000000286
2025-03-25 15:11:19,0.0421,0.0422,0.00010000000000000286
2025-03-25 15:11:20,0.0421,0.0422,0.00010000000000000286
2025-03-25 15:11:21,0.0421,0.0422,0.00010000000000000286
2025-03-25 15:11:24,0.0421,0.0422,0.00010000000000000286
2025-03-25 15:11:25,0.0421,0.0422,0.00010000000000000286
2025-03-25 15:11:26,0.0421,0.0422,0.00010000000000000286
2025-03-25 15:11:30,0.0421,0.0422,0.00010000000000000286
2025-03-25 15:11:31,0.0421,0.0422,0.00010000000000000286
2025-03-25 15:11:35,0.0421,0.0422,0.00010000000000000286
2025-03-25 15:11:36,0.0421,0.0422,0.00010000000000000286
2025-03-25 15:11:37,0.0421,0.0422,0.00010000000000000286
2025-03-25 15:11:38,0.0421,0.0422,0.00010000000000000286
2025-03-25 15:11:39,0.0421,0.0422,0.00010000000000000286
2025-03-25 15:11:40,0.0421,0.0422,0.00010000000000000286
2025-03-25 15:11:41,0.0421,0.0422,0.00010000000000000286
2025-03-25 15:11:42,0.0421,0.0422,0.00010000000000000286
2025-03-25 15:11:44,0.0421,0.0422,0.00010000000000000286
2025-03-25 15:11:45,0.0421,0.0422,0.00010000000000000286
2025-03-25 15:11:47,0.0421,0.0422,0.00010000000000000286
2025-03-25 15:11:50,0.0421,0.0422,0.00010000000000000286
2025-03-25 15:11:51,0.0421,0.0422,0.00010000000000000286
2025-03-25 15:11:53,0.0421,0.0422,0.00010000000000000286
2025-03-25 15:11:54,0.0421,0.0422,0.00010000000000000286
2025-03-25 15:11:57,0.0421,0.0422,0.00010000000000000286
2025-03-25 15:11:58,0.0421,0.0422,0.00010000000000000286
2025-03-25 15:12:01,0.0421,0.0422,0.00010000000000000286
2025-03-25 15:12:02,0.0421,0.0422,0.00010000000000000286
2025-03-25 15:12:04,0.0421,0.0422,0.00010000000000000286
2025-03-25 15:12:05,0.0421,0.0422,0.00010000000000000286
2025-03-25 15:12:06,0.0421,0.0422,0.00010000000000000286
2025-03-25 15:12:07,0.0421,0.0422,0.00010000000000000286
2025-03-25 15:12:12,0.0421,0.0422,0.00010000000000000286
2025-03-25 15:12:19,0.0421,0.0422,0.00010000000000000286
2025-03-25 15:12:20,0.0421,0.0422,0.00010000000000000286
2025-03-25 15:12:27,0.0421,0.0422,0.00010000000000000286
2025-03-25 15:12:28,0.0421,0.0422,0.00010000000000000286
2025-03-25 15:12:30,0.0421,0.0422,0.00010000000000000286
2025-03-25 15:12:31,0.0421,0.0422,0.00010000000000000286
2025-03-25 15:12:32,0.0421,0.0422,0.00010000000000000286
2025-03-25 15:12:42,0.0421,0.0422,0.00010000000000000286
2025-03-25 15:12:44,0.0421,0.0422,0.00010000000000000286
2025-03-25 15:12:45,0.0421,0.0422,0.00010000000000000286
2025-03-25 15:12:47,0.0421,0.0422,0.00010000000000000286
2025-03-25 15:12:49,0.0421,0.0422,0.00010000000000000286
2025-03-25 15:12:53,0.0421,0.0421,0.0
2025-03-25 15:12:54,0.0421,0.0421,0.0
2025-03-25 15:12:57,0.0421,0.0421,0.0
2025-03-25 15:12:58,0.0421,0.0421,0.0
2025-03-25 15:13:00,0.0421,0.0421,0.0
2025-03-25 15:13:01,0.0421,0.0421,0.0
2025-03-25 15:13:02,0.0421,0.0421,0.0
2025-03-25 15:13:04,0.0421,0.0421,0.0
2025-03-25 15:13:07,0.0421,0.0421,0.0
2025-03-25 15:13:08,0.0421,0.0421,0.0
2025-03-25 15:13:09,0.0421,0.0421,0.0
2025-03-25 15:13:11,0.0421,0.0421,0.0
2025-03-25 15:13:12,0.0421,0.0421,0.0
2025-03-25 15:13:14,0.0421,0.0421,0.0
2025-03-25 15:13:21,0.0421,0.0421,0.0
2025-03-25 15:13:22,0.0421,0.0421,0.0
2025-03-25 15:13:27,0.0421,0.0421,0.0
2025-03-25 15:13:28,0.0421,0.0421,0.0
2025-03-25 15:13:31,0.042,0.0421,9.999999999999593e-05
2025-03-25 15:13:32,0.042,0.0421,9.999999999999593e-05
2025-03-25 15:13:33,0.042,0.0421,9.999999999999593e-05
2025-03-25 15:13:34,0.042,0.0421,9.999999999999593e-05
2025-03-25 15:13:36,0.042,0.0421,9.999999999999593e-05
2025-03-25 15:13:38,0.042,0.0421,9.999999999999593e-05
2025-03-25 15:13:39,0.042,0.0421,9.999999999999593e-05
2025-03-25 15:13:40,0.042,0.0421,9.999999999999593e-05
2025-03-25 15:13:41,0.042,0.0421,9.999999999999593e-05
2025-03-25 15:13:42,0.042,0.0421,9.999999999999593e-05
2025-03-25 15:13:43,0.042,0.0421,9.999999999999593e-05
2025-03-25 15:13:44,0.042,0.0421,9.999999999999593e-05
2025-03-25 15:13:46,0.042,0.0421,9.999999999999593e-05
2025-03-25 15:13:48,0.042,0.0421,9.999999999999593e-05
2025-03-25 15:13:49,0.042,0.0421,9.999999999999593e-05
2025-03-25 15:13:51,0.042,0.0421,9.999999999999593e-05
2025-03-25 15:13:52,0.042,0.0421,9.999999999999593e-05
2025-03-25 15:13:54,0.0421,0.0421,0.0
2025-03-25 15:13:56,0.0421,0.0421,0.0
2025-03-25 15:13:59,0.0421,0.0421,0.0
2025-03-25 15:14:00,0.0421,0.0421,0.0
2025-03-25 15:14:01,0.0421,0.0421,0.0
2025-03-25 15:14:02,0.0421,0.0421,0.0
2025-03-25 15:14:03,0.0421,0.0421,0.0
2025-03-25 15:14:04,0.0421,0.0421,0.0
2025-03-25 15:14:05,0.042,0.0421,9.999999999999593e-05
2025-03-25 15:14:06,0.042,0.0421,9.999999999999593e-05
2025-03-25 15:14:07,0.042,0.0421,9.999999999999593e-05
2025-03-25 15:14:08,0.042,0.0421,9.999999999999593e-05
2025-03-25 15:14:09,0.042,0.0421,9.999999999999593e-05
2025-03-25 15:14:10,0.042,0.0421,9.999999999999593e-05
2025-03-25 15:14:11,0.042,0.0421,9.999999999999593e-05
2025-03-25 15:14:12,0.042,0.0421,9.999999999999593e-05
2025-03-25 15:14:13,0.0421,0.0421,0.0
2025-03-25 15:14:14,0.0421,0.0421,0.0
2025-03-25 15:14:15,0.0421,0.0421,0.0
2025-03-25 15:14:16,0.0421,0.0421,0.0
2025-03-25 15:14:17,0.0421,0.0421,0.0
2025-03-25 15:14:19,0.0421,0.0421,0.0
2025-03-25 15:14:20,0.0421,0.0421,0.0
2025-03-25 15:14:21,0.0421,0.0421,0.0
2025-03-25 15:14:32,0.0421,0.0421,0.0
2025-03-25 15:14:33,0.0421,0.0421,0.0
2025-03-25 15:14:37,0.0421,0.0421,0.0
2025-03-25 15:14:38,0.0421,0.0421,0.0
2025-03-25 15:14:42,0.0421,0.0421,0.0
2025-03-25 15:14:43,0.0421,0.0421,0.0
2025-03-25 15:14:46,0.0421,0.0421,0.0
2025-03-25 15:14:47,0.0421,0.0421,0.0
2025-03-25 15:14:50,0.0421,0.0421,0.0
2025-03-25 15:14:51,0.0421,0.0421,0.0
2025-03-25 15:15:00,0.0421,0.0421,0.0
2025-03-25 15:15:01,0.0421,0.0421,0.0
2025-03-25 15:15:02,0.0421,0.0421,0.0
2025-03-25 15:15:03,0.0421,0.0421,0.0
2025-03-25 15:15:04,0.0421,0.0421,0.0
2025-03-25 15:15:05,0.0421,0.0421,0.0
2025-03-25 15:15:06,0.0421,0.0421,0.0
2025-03-25 15:15:07,0.0421,0.0421,0.0
2025-03-25 15:15:08,0.0421,0.0421,0.0
2025-03-25 15:15:09,0.0421,0.0421,0.0
2025-03-25 15:15:10,0.0421,0.0421,0.0
2025-03-25 15:15:15,0.0421,0.0421,0.0
2025-03-25 15:15:17,0.0421,0.0421,0.0
2025-03-25 15:15:19,0.0421,0.0421,0.0
2025-03-25 15:15:20,0.0421,0.0421,0.0
2025-03-25 15:15:22,0.0421,0.0421,0.0
2025-03-25 15:15:23,0.0421,0.0421,0.0
2025-03-25 15:15:24,0.0421,0.0421,0.0
2025-03-25 15:15:25,0.0421,0.0421,0.0
2025-03-25 15:15:30,0.0421,0.0421,0.0
2025-03-25 15:15:32,0.0421,0.0421,0.0
2025-03-25 15:15:33,0.0421,0.0421,0.0
2025-03-25 15:15:34,0.0421,0.0421,0.0
2025-03-25 15:15:38,0.0421,0.0421,0.0
2025-03-25 15:15:39,0.0421,0.0421,0.0
2025-03-25 15:15:41,0.0421,0.0421,0.0
2025-03-25 15:15:42,0.0421,0.0421,0.0
2025-03-25 15:15:47,0.0421,0.0421,0.0
2025-03-25 15:15:49,0.0421,0.0421,0.0
2025-03-25 15:15:51,0.042,0.0421,9.999999999999593e-05
2025-03-25 15:15:52,0.042,0.0421,9.999999999999593e-05
2025-03-25 15:15:56,0.042,0.0421,9.999999999999593e-05
2025-03-25 15:16:00,0.042,0.0421,9.999999999999593e-05
2025-03-25 15:16:01,0.042,0.0421,9.999999999999593e-05
2025-03-25 15:16:02,0.042,0.0421,9.999999999999593e-05
2025-03-25 15:16:03,0.042,0.0421,9.999999999999593e-05
2025-03-25 15:16:05,0.042,0.0421,9.999999999999593e-05
2025-03-25 15:16:08,0.042,0.0421,9.999999999999593e-05
2025-03-25 15:16:12,0.042,0.0421,9.999999999999593e-05
2025-03-25 15:16:13,0.042,0.0421,9.999999999999593e-05
2025-03-25 15:16:18,0.042,0.0421,9.999999999999593e-05
2025-03-25 15:16:19,0.042,0.0421,9.999999999999593e-05
2025-03-25 15:16:20,0.042,0.0421,9.999999999999593e-05
2025-03-25 15:16:21,0.042,0.0421,9.999999999999593e-05
2025-03-25 15:16:24,0.042,0.0421,9.999999999999593e-05
2025-03-25 15:16:27,0.042,0.0421,9.999999999999593e-05
2025-03-25 15:16:28,0.042,0.0421,9.999999999999593e-05
2025-03-25 15:16:30,0.042,0.0421,9.999999999999593e-05
2025-03-25 15:16:31,0.042,0.0421,9.999999999999593e-05
2025-03-25 15:16:33,0.042,0.0421,9.999999999999593e-05
2025-03-25 15:16:34,0.042,0.0421,9.999999999999593e-05
2025-03-25 15:16:35,0.0421,0.0421,0.0
2025-03-25 15:16:36,0.0421,0.0421,0.0
2025-03-25 15:16:37,0.0421,0.0421,0.0
2025-03-25 15:16:38,0.0421,0.0421,0.0
2025-03-25 15:16:39,0.0421,0.0421,0.0
2025-03-25 15:16:41,0.0421,0.0421,0.0
2025-03-25 15:16:42,0.0421,0.0421,0.0
2025-03-25 15:16:43,0.0421,0.0421,0.0
2025-03-25 15:16:44,0.0421,0.0421,0.0
2025-03-25 15:16:48,0.0421,0.0422,0.00010000000000000286
2025-03-25 15:16:49,0.0421,0.0422,0.00010000000000000286
2025-03-25 15:16:50,0.0421,0.0422,0.00010000000000000286
2025-03-25 15:16:52,0.0421,0.0422,0.00010000000000000286
2025-03-25 15:16:53,0.0421,0.0422,0.00010000000000000286
2025-03-25 15:16:54,0.0421,0.0422,0.00010000000000000286
2025-03-25 15:16:55,0.0421,0.0422,0.00010000000000000286
2025-03-25 15:16:57,0.0421,0.0422,0.00010000000000000286
2025-03-25 15:16:58,0.0421,0.0422,0.00010000000000000286
2025-03-25 15:17:00,0.0421,0.0422,0.00010000000000000286
2025-03-25 15:17:01,0.0421,0.0422,0.00010000000000000286
2025-03-25 15:17:02,0.0421,0.0422,0.00010000000000000286
2025-03-25 15:17:06,0.0421,0.0422,0.00010000000000000286
2025-03-25 15:17:11,0.0421,0.0422,0.00010000000000000286
2025-03-25 15:17:12,0.0421,0.0422,0.00010000000000000286
2025-03-25 15:17:14,0.0421,0.0422,0.00010000000000000286
2025-03-25 15:17:19,0.0421,0.0422,0.00010000000000000286
2025-03-25 15:17:20,0.0421,0.0422,0.00010000000000000286
2025-03-25 15:17:26,0.0421,0.0422,0.00010000000000000286
2025-03-25 15:17:33,0.0421,0.0422,0.00010000000000000286
2025-03-25 15:17:36,0.0421,0.0422,0.00010000000000000286
2025-03-25 15:17:37,0.0421,0.0422,0.00010000000000000286
2025-03-25 15:17:40,0.0421,0.0422,0.00010000000000000286
2025-03-25 15:17:41,0.0421,0.0422,0.00010000000000000286
2025-03-25 15:17:42,0.0421,0.0422,0.00010000000000000286
2025-03-25 15:17:47,0.0421,0.0422,0.00010000000000000286
2025-03-25 15:17:49,0.0421,0.0422,0.00010000000000000286
2025-03-25 15:17:52,0.0421,0.0422,0.00010000000000000286
2025-03-25 15:17:54,0.0421,0.0422,0.00010000000000000286
2025-03-25 15:17:56,0.0421,0.0422,0.00010000000000000286
2025-03-25 15:17:57,0.0421,0.0422,0.00010000000000000286
2025-03-25 15:17:58,0.0421,0.0422,0.00010000000000000286
2025-03-25 15:17:59,0.0421,0.0422,0.00010000000000000286
2025-03-25 15:18:01,0.0421,0.0422,0.00010000000000000286
2025-03-25 15:18:02,0.0421,0.0422,0.00010000000000000286
2025-03-25 15:18:05,0.0421,0.0422,0.00010000000000000286
2025-03-25 15:18:12,0.0421,0.0422,0.00010000000000000286
2025-03-25 15:18:15,0.0421,0.0422,0.00010000000000000286
2025-03-25 15:18:17,0.0421,0.0422,0.00010000000000000286
2025-03-25 15:18:19,0.0421,0.0422,0.00010000000000000286
2025-03-25 15:18:25,0.0421,0.0422,0.00010000000000000286
2025-03-25 15:18:34,0.0421,0.0422,0.00010000000000000286
2025-03-25 15:18:35,0.0421,0.0422,0.00010000000000000286
2025-03-25 15:18:36,0.0421,0.0422,0.00010000000000000286
2025-03-25 15:18:41,0.0421,0.0422,0.00010000000000000286
2025-03-25 15:18:42,0.0421,0.0422,0.00010000000000000286
2025-03-25 15:18:45,0.0421,0.0422,0.00010000000000000286
2025-03-25 15:18:59,0.0421,0.0422,0.00010000000000000286
2025-03-25 15:19:01,0.0421,0.0422,0.00010000000000000286
2025-03-25 15:19:02,0.0421,0.0422,0.00010000000000000286
2025-03-25 15:19:03,0.0421,0.0422,0.00010000000000000286
2025-03-25 15:19:04,0.0421,0.0422,0.00010000000000000286
2025-03-25 15:19:07,0.0421,0.0422,0.00010000000000000286
2025-03-25 15:19:08,0.0421,0.0422,0.00010000000000000286
2025-03-25 15:19:09,0.0421,0.0422,0.00010000000000000286
2025-03-25 15:19:11,0.0421,0.0422,0.00010000000000000286
2025-03-25 15:19:12,0.0421,0.0422,0.00010000000000000286
2025-03-25 15:19:14,0.0421,0.0422,0.00010000000000000286
2025-03-25 15:19:15,0.0421,0.0422,0.00010000000000000286
2025-03-25 15:19:16,0.0421,0.0422,0.00010000000000000286
2025-03-25 15:19:26,0.0421,0.0422,0.00010000000000000286
2025-03-25 15:19:27,0.0421,0.0422,0.00010000000000000286
2025-03-25 15:19:32,0.0421,0.0422,0.00010000000000000286
2025-03-25 15:19:35,0.0421,0.0422,0.00010000000000000286
2025-03-25 15:19:36,0.0421,0.0422,0.00010000000000000286
2025-03-25 15:19:40,0.0421,0.0422,0.00010000000000000286
2025-03-25 15:19:41,0.0421,0.0422,0.00010000000000000286
2025-03-25 15:19:42,0.0421,0.0422,0.00010000000000000286
2025-03-25 15:19:43,0.0421,0.0422,0.00010000000000000286
2025-03-25 15:19:44,0.0421,0.0422,0.00010000000000000286
2025-03-25 15:19:50,0.0421,0.0422,0.00010000000000000286
2025-03-25 15:19:53,0.0421,0.0422,0.00010000000000000286
2025-03-25 15:19:54,0.0421,0.0422,0.00010000000000000286
2025-03-25 15:19:57,0.0421,0.0422,0.00010000000000000286
2025-03-25 15:20:00,0.0421,0.0422,0.00010000000000000286
2025-03-25 15:20:01,0.0421,0.0422,0.00010000000000000286
2025-03-25 15:20:02,0.0421,0.0422,0.00010000000000000286
2025-03-25 15:20:03,0.0421,0.0422,0.00010000000000000286
2025-03-25 15:20:05,0.0421,0.0422,0.00010000000000000286
2025-03-25 15:20:06,0.0421,0.0422,0.00010000000000000286
2025-03-25 15:20:10,0.0421,0.0422,0.00010000000000000286
2025-03-25 15:20:11,0.0421,0.0422,0.00010000000000000286
2025-03-25 15:20:15,0.0421,0.0422,0.00010000000000000286
2025-03-25 15:20:16,0.0421,0.0422,0.00010000000000000286
2025-03-25 15:20:25,0.0421,0.0422,0.00010000000000000286
2025-03-25 15:20:27,0.0421,0.0422,0.00010000000000000286
2025-03-25 15:20:29,0.0421,0.0422,0.00010000000000000286
2025-03-25 15:20:31,0.0421,0.0422,0.00010000000000000286
2025-03-25 15:20:33,0.0421,0.0422,0.00010000000000000286
2025-03-25 15:20:37,0.0421,0.0422,0.00010000000000000286
2025-03-25 15:20:45,0.0421,0.0422,0.00010000000000000286
2025-03-25 15:20:46,0.0421,0.0422,0.00010000000000000286
2025-03-25 15:20:48,0.0421,0.0422,0.00010000000000000286
2025-03-25 15:20:55,0.0421,0.0422,0.00010000000000000286
2025-03-25 15:20:56,0.0421,0.0422,0.00010000000000000286
2025-03-25 15:20:57,0.0421,0.0422,0.00010000000000000286
2025-03-25 15:20:58,0.0421,0.0422,0.00010000000000000286
2025-03-25 15:20:59,0.0421,0.0422,0.00010000000000000286
2025-03-25 15:21:00,0.0421,0.0422,0.00010000000000000286
2025-03-25 15:21:01,0.0421,0.0422,0.00010000000000000286
2025-03-25 15:21:02,0.0421,0.0422,0.00010000000000000286
2025-03-25 15:21:03,0.0421,0.0422,0.00010000000000000286
2025-03-25 15:21:05,0.0421,0.0422,0.00010000000000000286
2025-03-25 15:21:06,0.0421,0.0422,0.00010000000000000286
2025-03-25 15:21:07,0.0421,0.0422,0.00010000000000000286
2025-03-25 15:21:08,0.0421,0.0422,0.00010000000000000286
2025-03-25 15:21:09,0.0421,0.0422,0.00010000000000000286
2025-03-25 15:21:10,0.0421,0.0422,0.00010000000000000286
2025-03-25 15:21:12,0.0421,0.0422,0.00010000000000000286
2025-03-25 15:21:13,0.0421,0.0422,0.00010000000000000286
2025-03-25 15:21:17,0.0421,0.0422,0.00010000000000000286
2025-03-25 15:21:18,0.0421,0.0422,0.00010000000000000286
2025-03-25 15:21:20,0.0421,0.0422,0.00010000000000000286
2025-03-25 15:21:25,0.0421,0.0422,0.00010000000000000286
2025-03-25 15:21:26,0.0421,0.0422,0.00010000000000000286
2025-03-25 15:21:27,0.0421,0.0422,0.00010000000000000286
2025-03-25 15:21:29,0.0421,0.0422,0.00010000000000000286
2025-03-25 15:21:30,0.0421,0.0422,0.00010000000000000286
2025-03-25 15:21:32,0.0421,0.0422,0.00010000000000000286
2025-03-25 15:21:33,0.0421,0.0422,0.00010000000000000286
2025-03-25 15:21:34,0.0421,0.0422,0.00010000000000000286
2025-03-25 15:21:35,0.0421,0.0422,0.00010000000000000286
2025-03-25 15:21:36,0.0421,0.0422,0.00010000000000000286
2025-03-25 15:21:37,0.0421,0.0422,0.00010000000000000286
2025-03-25 15:21:49,0.0421,0.0422,0.00010000000000000286
2025-03-25 15:21:52,0.0421,0.0422,0.00010000000000000286
2025-03-25 15:21:53,0.0421,0.0422,0.00010000000000000286
2025-03-25 15:21:54,0.0421,0.0422,0.00010000000000000286
2025-03-25 15:21:55,0.0421,0.0422,0.00010000000000000286
2025-03-25 15:21:56,0.0421,0.0422,0.00010000000000000286
2025-03-25 15:22:00,0.0421,0.0422,0.00010000000000000286
2025-03-25 15:22:01,0.0421,0.0422,0.00010000000000000286
2025-03-25 15:22:02,0.0421,0.0422,0.00010000000000000286
2025-03-25 15:22:03,0.0421,0.0422,0.00010000000000000286
2025-03-25 15:22:10,0.0421,0.0422,0.00010000000000000286
2025-03-25 15:22:13,0.0421,0.0422,0.00010000000000000286
2025-03-25 15:22:14,0.0421,0.0422,0.00010000000000000286
2025-03-25 15:22:18,0.0421,0.0422,0.00010000000000000286
2025-03-25 15:22:19,0.0421,0.0422,0.00010000000000000286
2025-03-25 15:22:25,0.0421,0.0422,0.00010000000000000286
2025-03-25 15:22:26,0.0421,0.0422,0.00010000000000000286
2025-03-25 15:22:29,0.0421,0.0422,0.00010000000000000286
2025-03-25 15:22:30,0.0421,0.0422,0.00010000000000000286
2025-03-25 15:22:31,0.0421,0.0422,0.00010000000000000286
2025-03-25 15:22:32,0.0421,0.0422,0.00010000000000000286
2025-03-25 15:22:37,0.0421,0.0422,0.00010000000000000286
2025-03-25 15:22:40,0.0421,0.0422,0.00010000000000000286
2025-03-25 15:22:41,0.0421,0.0422,0.00010000000000000286
2025-03-25 15:22:42,0.0421,0.0422,0.00010000000000000286
2025-03-25 15:22:43,0.0421,0.0422,0.00010000000000000286
2025-03-25 15:22:46,0.0421,0.0421,0.0
2025-03-25 15:22:47,0.0421,0.0421,0.0
2025-03-25 15:22:49,0.0421,0.0421,0.0
2025-03-25 15:22:54,0.0421,0.0421,0.0
2025-03-25 15:22:56,0.0421,0.0421,0.0
2025-03-25 15:22:59,0.0421,0.0421,0.0
2025-03-25 15:23:00,0.0421,0.0421,0.0
2025-03-25 15:23:01,0.0421,0.0421,0.0
2025-03-25 15:23:02,0.0421,0.0421,0.0
2025-03-25 15:23:04,0.0421,0.0421,0.0
2025-03-25 15:23:05,0.0421,0.0421,0.0
2025-03-25 15:23:10,0.0421,0.0421,0.0
2025-03-25 15:23:11,0.0421,0.0421,0.0
2025-03-25 15:23:12,0.0421,0.0421,0.0
2025-03-25 15:23:13,0.0421,0.0421,0.0
2025-03-25 15:23:15,0.0421,0.0421,0.0
2025-03-25 15:23:20,0.0421,0.0422,0.00010000000000000286
2025-03-25 15:23:21,0.0421,0.0422,0.00010000000000000286
2025-03-25 15:23:23,0.0421,0.0422,0.00010000000000000286
2025-03-25 15:23:27,0.0421,0.0422,0.00010000000000000286
2025-03-25 15:23:29,0.0421,0.0422,0.00010000000000000286
2025-03-25 15:23:31,0.0421,0.0422,0.00010000000000000286
2025-03-25 15:23:32,0.0421,0.0422,0.00010000000000000286
2025-03-25 15:23:33,0.0421,0.0422,0.00010000000000000286
2025-03-25 15:23:37,0.0421,0.0422,0.00010000000000000286
2025-03-25 15:23:40,0.0421,0.0422,0.00010000000000000286
2025-03-25 15:23:41,0.0421,0.0422,0.00010000000000000286
2025-03-25 15:23:42,0.0421,0.0422,0.00010000000000000286
2025-03-25 15:23:46,0.0421,0.0422,0.00010000000000000286
2025-03-25 15:24:00,0.0421,0.0422,0.00010000000000000286
2025-03-25 15:24:01,0.0421,0.0422,0.00010000000000000286
2025-03-25 15:24:02,0.0421,0.0422,0.00010000000000000286
2025-03-25 15:24:09,0.0421,0.0422,0.00010000000000000286
2025-03-25 15:24:11,0.0421,0.0422,0.00010000000000000286
2025-03-25 15:24:14,0.0421,0.0422,0.00010000000000000286
2025-03-25 15:24:15,0.0421,0.0422,0.00010000000000000286
2025-03-25 15:24:19,0.0421,0.0422,0.00010000000000000286
2025-03-25 15:24:21,0.0421,0.0422,0.00010000000000000286
2025-03-25 15:24:26,0.0421,0.0421,0.0
2025-03-25 15:24:27,0.0421,0.0421,0.0
2025-03-25 15:24:28,0.0421,0.0421,0.0
2025-03-25 15:24:29,0.0421,0.0421,0.0
2025-03-25 15:24:30,0.0421,0.0421,0.0
2025-03-25 15:24:31,0.042,0.0421,9.999999999999593e-05
2025-03-25 15:24:32,0.042,0.0421,9.999999999999593e-05
2025-03-25 15:24:33,0.0421,0.0421,0.0
2025-03-25 15:24:34,0.042,0.0421,9.999999999999593e-05
2025-03-25 15:24:36,0.042,0.0421,9.999999999999593e-05
2025-03-25 15:24:37,0.042,0.0421,9.999999999999593e-05
2025-03-25 15:24:38,0.042,0.0421,9.999999999999593e-05
2025-03-25 15:24:39,0.042,0.0421,9.999999999999593e-05
2025-03-25 15:24:41,0.042,0.0421,9.999999999999593e-05
2025-03-25 15:24:47,0.042,0.0421,9.999999999999593e-05
2025-03-25 15:24:48,0.0421,0.0421,0.0
2025-03-25 15:24:50,0.0421,0.0421,0.0
2025-03-25 15:24:51,0.0421,0.0421,0.0
2025-03-25 15:24:53,0.0421,0.0421,0.0
2025-03-25 15:24:57,0.0421,0.0421,0.0
2025-03-25 15:24:58,0.0421,0.0421,0.0
2025-03-25 15:24:59,0.0421,0.0421,0.0
2025-03-25 15:25:01,0.0421,0.0421,0.0
2025-03-25 15:25:02,0.0421,0.0421,0.0
2025-03-25 15:25:04,0.0421,0.0421,0.0
2025-03-25 15:25:05,0.0421,0.0421,0.0
2025-03-25 15:25:10,0.0421,0.0421,0.0
2025-03-25 15:25:11,0.0421,0.0421,0.0
2025-03-25 15:25:12,0.042,0.042,0.0
2025-03-25 15:25:13,0.042,0.042,0.0
2025-03-25 15:25:14,0.042,0.042,0.0
2025-03-25 15:25:15,0.0419,0.042,0.00010000000000000286
2025-03-25 15:25:16,0.0419,0.0419,0.0
2025-03-25 15:25:17,0.0419,0.0419,0.0
2025-03-25 15:25:18,0.0419,0.0419,0.0
2025-03-25 15:25:19,0.0419,0.0419,0.0
2025-03-25 15:25:20,0.0419,0.0419,0.0
2025-03-25 15:25:21,0.0419,0.0419,0.0
2025-03-25 15:25:22,0.0419,0.0419,0.0
2025-03-25 15:25:23,0.0419,0.0419,0.0
2025-03-25 15:25:24,0.0419,0.0419,0.0
2025-03-25 15:25:27,0.0419,0.0419,0.0
2025-03-25 15:25:28,0.0419,0.0419,0.0
2025-03-25 15:25:29,0.0419,0.0419,0.0
2025-03-25 15:25:30,0.0419,0.0419,0.0
2025-03-25 15:25:31,0.0419,0.0419,0.0
2025-03-25 15:25:32,0.0419,0.0419,0.0
2025-03-25 15:25:34,0.0419,0.0419,0.0
2025-03-25 15:25:35,0.0419,0.0419,0.0
2025-03-25 15:25:36,0.0419,0.0419,0.0
2025-03-25 15:25:37,0.0419,0.0419,0.0
2025-03-25 15:25:39,0.0419,0.0419,0.0
2025-03-25 15:25:45,0.0419,0.0419,0.0
2025-03-25 15:25:46,0.0419,0.0419,0.0
2025-03-25 15:25:47,0.0419,0.0419,0.0
2025-03-25 15:25:48,0.0419,0.0419,0.0
2025-03-25 15:25:54,0.0419,0.0419,0.0
2025-03-25 15:25:55,0.0419,0.0419,0.0
2025-03-25 15:25:57,0.0419,0.0419,0.0
2025-03-25 15:25:58,0.042,0.042,0.0
2025-03-25 15:25:59,0.042,0.042,0.0
2025-03-25 15:26:00,0.042,0.042,0.0
2025-03-25 15:26:01,0.042,0.042,0.0
2025-03-25 15:26:02,0.042,0.042,0.0
2025-03-25 15:26:03,0.042,0.0421,9.999999999999593e-05
2025-03-25 15:26:04,0.042,0.0421,9.999999999999593e-05
2025-03-25 15:26:05,0.042,0.0421,9.999999999999593e-05
2025-03-25 15:26:09,0.042,0.0421,9.999999999999593e-05
2025-03-25 15:26:10,0.042,0.0421,9.999999999999593e-05
2025-03-25 15:26:11,0.042,0.0421,9.999999999999593e-05
2025-03-25 15:26:12,0.042,0.0421,9.999999999999593e-05
2025-03-25 15:26:13,0.042,0.0421,9.999999999999593e-05
2025-03-25 15:26:14,0.042,0.0421,9.999999999999593e-05
2025-03-25 15:26:15,0.042,0.0421,9.999999999999593e-05
2025-03-25 15:26:16,0.042,0.0421,9.999999999999593e-05
2025-03-25 15:26:17,0.042,0.0421,9.999999999999593e-05
2025-03-25 15:26:18,0.042,0.0421,9.999999999999593e-05
2025-03-25 15:26:20,0.042,0.0421,9.999999999999593e-05
2025-03-25 15:26:21,0.042,0.0421,9.999999999999593e-05
2025-03-25 15:26:22,0.042,0.0421,9.999999999999593e-05
2025-03-25 15:26:23,0.042,0.0421,9.999999999999593e-05
2025-03-25 15:26:24,0.042,0.0421,9.999999999999593e-05
2025-03-25 15:26:27,0.042,0.0421,9.999999999999593e-05
2025-03-25 15:26:29,0.042,0.0421,9.999999999999593e-05
2025-03-25 15:26:30,0.042,0.0421,9.999999999999593e-05
2025-03-25 15:26:34,0.042,0.0421,9.999999999999593e-05
2025-03-25 15:26:38,0.042,0.0421,9.999999999999593e-05
2025-03-25 15:26:41,0.042,0.0421,9.999999999999593e-05
2025-03-25 15:26:42,0.042,0.0421,9.999999999999593e-05
2025-03-25 15:26:44,0.042,0.0421,9.999999999999593e-05
2025-03-25 15:26:46,0.042,0.0421,9.999999999999593e-05
2025-03-25 15:26:52,0.042,0.0421,9.999999999999593e-05
2025-03-25 15:26:53,0.042,0.0421,9.999999999999593e-05
2025-03-25 15:26:54,0.042,0.0421,9.999999999999593e-05
2025-03-25 15:26:59,0.042,0.0421,9.999999999999593e-05
2025-03-25 15:27:01,0.042,0.0421,9.999999999999593e-05
2025-03-25 15:27:02,0.042,0.0421,9.999999999999593e-05
2025-03-25 15:27:03,0.042,0.0421,9.999999999999593e-05
2025-03-25 15:27:04,0.042,0.0421,9.999999999999593e-05
2025-03-25 15:27:05,0.042,0.0421,9.999999999999593e-05
2025-03-25 15:27:07,0.042,0.0421,9.999999999999593e-05
2025-03-25 15:27:12,0.042,0.0421,9.999999999999593e-05
2025-03-25 15:27:17,0.042,0.0421,9.999999999999593e-05
2025-03-25 15:27:19,0.042,0.0421,9.999999999999593e-05
2025-03-25 15:27:23,0.042,0.0421,9.999999999999593e-05
2025-03-25 15:27:25,0.042,0.0421,9.999999999999593e-05
2025-03-25 15:27:36,0.042,0.0421,9.999999999999593e-05
2025-03-25 15:27:43,0.042,0.0421,9.999999999999593e-05
2025-03-25 15:27:44,0.042,0.0421,9.999999999999593e-05
2025-03-25 15:27:50,0.042,0.0421,9.999999999999593e-05
2025-03-25 15:27:59,0.042,0.0421,9.999999999999593e-05
2025-03-25 15:28:01,0.042,0.0421,9.999999999999593e-05
2025-03-25 15:28:02,0.042,0.0421,9.999999999999593e-05
2025-03-25 15:28:03,0.042,0.0421,9.999999999999593e-05
2025-03-25 15:28:05,0.042,0.0421,9.999999999999593e-05
2025-03-25 15:28:06,0.042,0.0421,9.999999999999593e-05
2025-03-25 15:28:08,0.042,0.0421,9.999999999999593e-05
2025-03-25 15:28:08,0.042,0.0421,9.999999999999593e-05
2025-03-25 15:28:10,0.042,0.0421,9.999999999999593e-05
2025-03-25 15:28:10,0.042,0.0421,9.999999999999593e-05
2025-03-25 15:28:14,0.042,0.0421,9.999999999999593e-05
2025-03-25 15:28:14,0.042,0.0421,9.999999999999593e-05
2025-03-25 15:28:19,0.042,0.0421,9.999999999999593e-05
2025-03-25 15:28:19,0.042,0.0421,9.999999999999593e-05
2025-03-25 15:28:21,0.042,0.0421,9.999999999999593e-05
2025-03-25 15:28:21,0.042,0.0421,9.999999999999593e-05
2025-03-25 15:28:22,0.042,0.0421,9.999999999999593e-05
2025-03-25 15:28:22,0.042,0.0421,9.999999999999593e-05
2025-03-25 15:28:25,0.042,0.0421,9.999999999999593e-05
2025-03-25 15:28:27,0.042,0.0421,9.999999999999593e-05
2025-03-25 15:28:28,0.042,0.0421,9.999999999999593e-05
2025-03-25 15:28:29,0.042,0.0421,9.999999999999593e-05
2025-03-25 15:28:30,0.042,0.0421,9.999999999999593e-05
2025-03-25 15:28:32,0.042,0.0421,9.999999999999593e-05
2025-03-25 15:28:48,0.042,0.0421,9.999999999999593e-05
2025-03-25 15:28:51,0.042,0.0421,9.999999999999593e-05
2025-03-25 15:28:52,0.042,0.0421,9.999999999999593e-05
2025-03-25 15:28:53,0.042,0.0421,9.999999999999593e-05
2025-03-25 15:28:58,0.042,0.0421,9.999999999999593e-05
2025-03-25 15:29:01,0.042,0.0421,9.999999999999593e-05
2025-03-25 15:29:02,0.042,0.0421,9.999999999999593e-05
2025-03-25 15:29:04,0.042,0.0421,9.999999999999593e-05
2025-03-25 15:29:06,0.042,0.0421,9.999999999999593e-05
2025-03-25 15:29:08,0.042,0.0421,9.999999999999593e-05
2025-03-25 15:29:09,0.042,0.0421,9.999999999999593e-05
2025-03-25 15:29:10,0.042,0.0421,9.999999999999593e-05
2025-03-25 15:29:15,0.042,0.0421,9.999999999999593e-05
2025-03-25 15:29:16,0.042,0.0421,9.999999999999593e-05
2025-03-25 15:29:20,0.042,0.0421,9.999999999999593e-05
2025-03-25 15:29:34,0.042,0.0421,9.999999999999593e-05
2025-03-25 15:29:34,0.042,0.0421,9.999999999999593e-05
2025-03-25 15:29:37,0.042,0.0421,9.999999999999593e-05
2025-03-25 15:29:37,0.042,0.0421,9.999999999999593e-05
2025-03-25 15:29:38,0.042,0.0421,9.999999999999593e-05
2025-03-25 15:29:38,0.042,0.0421,9.999999999999593e-05
2025-03-25 15:29:39,0.042,0.0421,9.999999999999593e-05
2025-03-25 15:29:39,0.042,0.0421,9.999999999999593e-05
2025-03-25 15:29:41,0.042,0.0421,9.999999999999593e-05
2025-03-25 15:29:41,0.042,0.0421,9.999999999999593e-05
2025-03-25 15:29:44,0.042,0.0421,9.999999999999593e-05
2025-03-25 15:29:44,0.042,0.0421,9.999999999999593e-05
2025-03-25 15:29:45,0.042,0.042,0.0
2025-03-25 15:29:45,0.042,0.042,0.0
2025-03-25 15:29:46,0.042,0.042,0.0
2025-03-25 15:29:46,0.042,0.042,0.0
2025-03-25 15:29:47,0.042,0.042,0.0
2025-03-25 15:29:47,0.042,0.042,0.0
2025-03-25 15:29:48,0.042,0.042,0.0
2025-03-25 15:29:48,0.042,0.042,0.0
2025-03-25 15:29:49,0.042,0.042,0.0
2025-03-25 15:29:49,0.042,0.042,0.0
2025-03-25 15:29:50,0.042,0.042,0.0
2025-03-25 15:29:50,0.042,0.042,0.0
2025-03-25 15:29:51,0.042,0.042,0.0
2025-03-25 15:29:51,0.042,0.042,0.0
2025-03-25 15:29:52,0.042,0.042,0.0
2025-03-25 15:29:52,0.042,0.042,0.0
2025-03-25 15:29:53,0.042,0.042,0.0
2025-03-25 15:29:53,0.042,0.042,0.0
2025-03-25 15:29:54,0.042,0.042,0.0
2025-03-25 15:29:54,0.042,0.042,0.0
2025-03-25 15:29:55,0.042,0.042,0.0
2025-03-25 15:29:55,0.042,0.042,0.0
2025-03-25 15:30:01,0.042,0.042,0.0
2025-03-25 15:30:01,0.042,0.042,0.0
2025-03-25 15:30:02,0.042,0.042,0.0
2025-03-25 15:30:02,0.042,0.042,0.0
2025-03-25 15:30:03,0.042,0.042,0.0
2025-03-25 15:30:03,0.042,0.042,0.0
2025-03-25 15:30:04,0.042,0.042,0.0
2025-03-25 15:30:04,0.042,0.042,0.0
2025-03-25 15:30:05,0.042,0.042,0.0
2025-03-25 15:30:05,0.042,0.042,0.0
2025-03-25 15:30:06,0.042,0.042,0.0
2025-03-25 15:30:06,0.042,0.042,0.0
2025-03-25 15:30:07,0.042,0.042,0.0
2025-03-25 15:30:07,0.042,0.042,0.0
2025-03-25 15:30:08,0.042,0.042,0.0
2025-03-25 15:30:08,0.042,0.042,0.0
2025-03-25 15:30:09,0.042,0.042,0.0
2025-03-25 15:30:09,0.042,0.042,0.0
2025-03-25 15:30:10,0.042,0.042,0.0
2025-03-25 15:30:10,0.042,0.042,0.0
2025-03-25 15:30:11,0.042,0.042,0.0
2025-03-25 15:30:11,0.042,0.042,0.0
2025-03-25 15:30:12,0.042,0.042,0.0
2025-03-25 15:30:12,0.042,0.042,0.0
2025-03-25 15:30:13,0.042,0.042,0.0
2025-03-25 15:30:13,0.042,0.042,0.0
2025-03-25 15:30:14,0.042,0.042,0.0
2025-03-25 15:30:14,0.042,0.042,0.0
2025-03-25 15:30:15,0.042,0.042,0.0
2025-03-25 15:30:15,0.042,0.042,0.0
2025-03-25 15:30:16,0.042,0.042,0.0
2025-03-25 15:30:16,0.042,0.042,0.0
2025-03-25 15:30:17,0.042,0.042,0.0
2025-03-25 15:30:17,0.042,0.042,0.0
2025-03-25 15:30:18,0.042,0.042,0.0
2025-03-25 15:30:18,0.042,0.042,0.0
2025-03-25 15:30:21,0.042,0.042,0.0
2025-03-25 15:30:21,0.042,0.042,0.0
2025-03-25 15:30:22,0.042,0.042,0.0
2025-03-25 15:30:22,0.042,0.042,0.0
2025-03-25 15:30:23,0.042,0.042,0.0
2025-03-25 15:30:23,0.042,0.042,0.0
2025-03-25 15:30:24,0.042,0.042,0.0
2025-03-25 15:30:24,0.042,0.042,0.0
2025-03-25 15:30:25,0.042,0.042,0.0
2025-03-25 15:30:25,0.042,0.042,0.0
2025-03-25 15:30:26,0.0419,0.042,0.00010000000000000286
2025-03-25 15:30:26,0.0419,0.042,0.00010000000000000286
2025-03-25 15:30:27,0.042,0.042,0.0
2025-03-25 15:30:27,0.042,0.042,0.0
2025-03-25 15:30:28,0.042,0.042,0.0
2025-03-25 15:30:28,0.042,0.042,0.0
2025-03-25 15:30:29,0.0419,0.042,0.00010000000000000286
2025-03-25 15:30:29,0.0419,0.042,0.00010000000000000286
2025-03-25 15:30:30,0.0419,0.042,0.00010000000000000286
2025-03-25 15:30:30,0.0419,0.042,0.00010000000000000286
2025-03-25 15:30:31,0.042,0.042,0.0
2025-03-25 15:30:31,0.042,0.042,0.0
2025-03-25 15:30:32,0.042,0.042,0.0
2025-03-25 15:30:32,0.042,0.042,0.0
2025-03-25 15:30:33,0.0419,0.042,0.00010000000000000286
2025-03-25 15:30:33,0.0419,0.042,0.00010000000000000286
2025-03-25 15:30:35,0.0419,0.042,0.00010000000000000286
2025-03-25 15:30:35,0.0419,0.042,0.00010000000000000286
2025-03-25 15:30:36,0.0419,0.042,0.00010000000000000286
2025-03-25 15:30:36,0.0419,0.042,0.00010000000000000286
2025-03-25 15:30:37,0.0419,0.042,0.00010000000000000286
2025-03-25 15:30:37,0.0419,0.042,0.00010000000000000286
2025-03-25 15:30:38,0.0419,0.042,0.00010000000000000286
2025-03-25 15:30:38,0.0419,0.042,0.00010000000000000286
2025-03-25 15:30:39,0.0419,0.042,0.00010000000000000286
2025-03-25 15:30:39,0.0419,0.042,0.00010000000000000286
2025-03-25 15:30:40,0.0419,0.042,0.00010000000000000286
2025-03-25 15:30:40,0.0419,0.042,0.00010000000000000286
2025-03-25 15:30:41,0.0419,0.042,0.00010000000000000286
2025-03-25 15:30:41,0.0419,0.042,0.00010000000000000286
2025-03-25 15:30:42,0.0419,0.042,0.00010000000000000286
2025-03-25 15:30:42,0.0419,0.042,0.00010000000000000286
2025-03-25 15:30:43,0.0419,0.042,0.00010000000000000286
2025-03-25 15:30:43,0.0419,0.042,0.00010000000000000286
2025-03-25 15:30:45,0.0419,0.042,0.00010000000000000286
2025-03-25 15:30:45,0.0419,0.042,0.00010000000000000286
2025-03-25 15:30:46,0.0419,0.042,0.00010000000000000286
2025-03-25 15:30:46,0.0419,0.042,0.00010000000000000286
2025-03-25 15:30:50,0.0419,0.042,0.00010000000000000286
2025-03-25 15:30:50,0.0419,0.042,0.00010000000000000286
2025-03-25 15:30:52,0.0419,0.042,0.00010000000000000286
2025-03-25 15:30:52,0.0419,0.042,0.00010000000000000286
2025-03-25 15:30:57,0.0419,0.042,0.00010000000000000286
2025-03-25 15:30:57,0.0419,0.042,0.00010000000000000286
2025-03-25 15:30:58,0.0419,0.042,0.00010000000000000286
2025-03-25 15:30:58,0.0419,0.042,0.00010000000000000286
2025-03-25 15:30:59,0.0419,0.042,0.00010000000000000286
2025-03-25 15:30:59,0.0419,0.042,0.00010000000000000286
2025-03-25 15:31:01,0.0419,0.042,0.00010000000000000286
2025-03-25 15:31:01,0.0419,0.042,0.00010000000000000286
2025-03-25 15:31:02,0.0419,0.042,0.00010000000000000286
2025-03-25 15:31:02,0.0419,0.042,0.00010000000000000286
2025-03-25 15:31:03,0.0419,0.042,0.00010000000000000286
2025-03-25 15:31:03,0.0419,0.042,0.00010000000000000286
2025-03-25 15:31:05,0.0419,0.042,0.00010000000000000286
2025-03-25 15:31:05,0.0419,0.042,0.00010000000000000286
2025-03-25 15:31:06,0.0419,0.042,0.00010000000000000286
2025-03-25 15:31:06,0.0419,0.042,0.00010000000000000286
2025-03-25 15:31:07,0.0419,0.042,0.00010000000000000286
2025-03-25 15:31:07,0.0419,0.042,0.00010000000000000286
2025-03-25 15:31:08,0.0419,0.042,0.00010000000000000286
2025-03-25 15:31:08,0.0419,0.042,0.00010000000000000286
2025-03-25 15:31:09,0.0419,0.042,0.00010000000000000286
2025-03-25 15:31:09,0.0419,0.042,0.00010000000000000286
2025-03-25 15:31:11,0.0419,0.042,0.00010000000000000286
2025-03-25 15:31:11,0.0419,0.042,0.00010000000000000286
2025-03-25 15:31:12,0.0419,0.042,0.00010000000000000286
2025-03-25 15:31:12,0.0419,0.042,0.00010000000000000286
2025-03-25 15:31:13,0.0419,0.042,0.00010000000000000286
2025-03-25 15:31:13,0.0419,0.042,0.00010000000000000286
2025-03-25 15:31:14,0.0419,0.042,0.00010000000000000286
2025-03-25 15:31:14,0.0419,0.042,0.00010000000000000286
2025-03-25 15:31:15,0.0419,0.042,0.00010000000000000286
2025-03-25 15:31:15,0.0419,0.042,0.00010000000000000286
2025-03-25 15:31:16,0.0419,0.042,0.00010000000000000286
2025-03-25 15:31:16,0.0419,0.042,0.00010000000000000286
2025-03-25 15:31:17,0.0419,0.042,0.00010000000000000286
2025-03-25 15:31:17,0.0419,0.042,0.00010000000000000286
2025-03-25 15:31:21,0.0419,0.042,0.00010000000000000286
2025-03-25 15:31:21,0.0419,0.042,0.00010000000000000286
2025-03-25 15:31:23,0.0419,0.042,0.00010000000000000286
2025-03-25 15:31:23,0.0419,0.042,0.00010000000000000286
2025-03-25 15:31:24,0.0419,0.042,0.00010000000000000286
2025-03-25 15:31:24,0.0419,0.042,0.00010000000000000286
2025-03-25 15:31:25,0.0419,0.042,0.00010000000000000286
2025-03-25 15:31:25,0.0419,0.042,0.00010000000000000286
2025-03-25 15:31:26,0.0419,0.042,0.00010000000000000286
2025-03-25 15:31:26,0.0419,0.042,0.00010000000000000286
2025-03-25 15:31:27,0.0419,0.042,0.00010000000000000286
2025-03-25 15:31:27,0.0419,0.042,0.00010000000000000286
2025-03-25 15:31:28,0.0419,0.042,0.00010000000000000286
2025-03-25 15:31:28,0.0419,0.042,0.00010000000000000286
2025-03-25 15:31:30,0.0419,0.042,0.00010000000000000286
2025-03-25 15:31:30,0.0419,0.042,0.00010000000000000286
2025-03-25 15:31:33,0.0419,0.042,0.00010000000000000286
2025-03-25 15:31:33,0.0419,0.042,0.00010000000000000286
2025-03-25 15:31:34,0.0419,0.042,0.00010000000000000286
2025-03-25 15:31:34,0.0419,0.042,0.00010000000000000286
2025-03-25 15:31:35,0.0419,0.042,0.00010000000000000286
2025-03-25 15:31:35,0.0419,0.042,0.00010000000000000286
2025-03-25 15:31:36,0.0419,0.042,0.00010000000000000286
2025-03-25 15:31:36,0.0419,0.042,0.00010000000000000286
2025-03-25 15:31:37,0.0422,0.0423,9.999999999999593e-05
2025-03-25 15:31:37,0.0422,0.0423,9.999999999999593e-05
2025-03-25 15:31:38,0.0422,0.0423,9.999999999999593e-05
2025-03-25 15:31:38,0.0422,0.0423,9.999999999999593e-05
2025-03-25 15:31:39,0.0422,0.0423,9.999999999999593e-05
2025-03-25 15:31:39,0.0422,0.0423,9.999999999999593e-05
2025-03-25 15:31:40,0.0422,0.0423,9.999999999999593e-05
2025-03-25 15:31:40,0.0422,0.0423,9.999999999999593e-05
2025-03-25 15:31:41,0.0422,0.0423,9.999999999999593e-05
2025-03-25 15:31:41,0.0422,0.0423,9.999999999999593e-05
2025-03-25 15:31:42,0.0422,0.0422,0.0
2025-03-25 15:31:42,0.0422,0.0422,0.0
2025-03-25 15:31:43,0.0422,0.0422,0.0
2025-03-25 15:31:43,0.0422,0.0422,0.0
2025-03-25 15:31:44,0.0422,0.0422,0.0
2025-03-25 15:31:44,0.0422,0.0422,0.0
2025-03-25 15:31:45,0.0422,0.0422,0.0
2025-03-25 15:31:45,0.0422,0.0422,0.0
2025-03-25 15:31:46,0.0422,0.0422,0.0
2025-03-25 15:31:46,0.0422,0.0422,0.0
2025-03-25 15:31:48,0.0422,0.0422,0.0
2025-03-25 15:31:48,0.0422,0.0422,0.0
2025-03-25 15:31:49,0.0422,0.0422,0.0
2025-03-25 15:31:49,0.0422,0.0422,0.0
2025-03-25 15:31:50,0.0422,0.0422,0.0
2025-03-25 15:31:50,0.0422,0.0422,0.0
2025-03-25 15:31:51,0.0422,0.0422,0.0
2025-03-25 15:31:51,0.0422,0.0422,0.0
2025-03-25 15:31:52,0.0422,0.0422,0.0
2025-03-25 15:31:52,0.0422,0.0422,0.0
2025-03-25 15:31:53,0.0422,0.0422,0.0
2025-03-25 15:31:53,0.0422,0.0422,0.0
2025-03-25 15:31:55,0.0422,0.0422,0.0
2025-03-25 15:31:55,0.0422,0.0422,0.0
2025-03-25 15:31:56,0.0422,0.0422,0.0
2025-03-25 15:31:56,0.0422,0.0422,0.0
2025-03-25 15:31:58,0.0422,0.0422,0.0
2025-03-25 15:31:58,0.0422,0.0422,0.0
2025-03-25 15:32:01,0.0421,0.0422,0.00010000000000000286
2025-03-25 15:32:01,0.0421,0.0422,0.00010000000000000286
2025-03-25 15:32:02,0.0421,0.0422,0.00010000000000000286
2025-03-25 15:32:02,0.0421,0.0422,0.00010000000000000286
2025-03-25 15:32:03,0.0421,0.0422,0.00010000000000000286
2025-03-25 15:32:03,0.0421,0.0422,0.00010000000000000286
2025-03-25 15:32:04,0.0421,0.0422,0.00010000000000000286
2025-03-25 15:32:04,0.0421,0.0422,0.00010000000000000286
2025-03-25 15:32:05,0.0421,0.0422,0.00010000000000000286
2025-03-25 15:32:05,0.0421,0.0422,0.00010000000000000286
2025-03-25 15:32:06,0.0421,0.0422,0.00010000000000000286
2025-03-25 15:32:06,0.0421,0.0422,0.00010000000000000286
2025-03-25 15:32:08,0.0421,0.0422,0.00010000000000000286
2025-03-25 15:32:08,0.0421,0.0422,0.00010000000000000286
2025-03-25 15:32:09,0.0421,0.0422,0.00010000000000000286
2025-03-25 15:32:09,0.0421,0.0422,0.00010000000000000286
2025-03-25 15:32:11,0.0421,0.0422,0.00010000000000000286
2025-03-25 15:32:11,0.0421,0.0422,0.00010000000000000286
2025-03-25 15:32:13,0.0421,0.0422,0.00010000000000000286
2025-03-25 15:32:13,0.0421,0.0422,0.00010000000000000286
2025-03-25 15:32:14,0.0421,0.0422,0.00010000000000000286
2025-03-25 15:32:14,0.0421,0.0422,0.00010000000000000286
2025-03-25 15:32:16,0.0421,0.0422,0.00010000000000000286
2025-03-25 15:32:16,0.0421,0.0422,0.00010000000000000286
2025-03-25 15:32:19,0.0421,0.0422,0.00010000000000000286
2025-03-25 15:32:19,0.0421,0.0422,0.00010000000000000286
2025-03-25 15:32:20,0.0421,0.0422,0.00010000000000000286
2025-03-25 15:32:20,0.0421,0.0422,0.00010000000000000286
2025-03-25 15:32:22,0.0421,0.0422,0.00010000000000000286
2025-03-25 15:32:22,0.0421,0.0422,0.00010000000000000286
2025-03-25 15:32:26,0.0421,0.0422,0.00010000000000000286
2025-03-25 15:32:26,0.0421,0.0422,0.00010000000000000286
2025-03-25 15:32:27,0.0421,0.0422,0.00010000000000000286
2025-03-25 15:32:27,0.0421,0.0422,0.00010000000000000286
2025-03-25 15:32:35,0.0421,0.0422,0.00010000000000000286
2025-03-25 15:32:35,0.0421,0.0422,0.00010000000000000286
2025-03-25 15:32:36,0.0421,0.0422,0.00010000000000000286
2025-03-25 15:32:36,0.0421,0.0422,0.00010000000000000286
2025-03-25 15:32:41,0.0421,0.0422,0.00010000000000000286
2025-03-25 15:32:41,0.0421,0.0422,0.00010000000000000286
2025-03-25 15:32:44,0.0421,0.0422,0.00010000000000000286
2025-03-25 15:32:44,0.0421,0.0422,0.00010000000000000286
2025-03-25 15:32:45,0.0421,0.0422,0.00010000000000000286
2025-03-25 15:32:45,0.0421,0.0422,0.00010000000000000286
2025-03-25 15:32:48,0.0421,0.0422,0.00010000000000000286
2025-03-25 15:32:48,0.0421,0.0422,0.00010000000000000286
2025-03-25 15:32:55,0.0421,0.0422,0.00010000000000000286
2025-03-25 15:32:55,0.0421,0.0422,0.00010000000000000286
2025-03-25 15:32:56,0.0421,0.0422,0.00010000000000000286
2025-03-25 15:32:56,0.0421,0.0422,0.00010000000000000286
2025-03-25 15:32:57,0.0421,0.0422,0.00010000000000000286
2025-03-25 15:32:57,0.0421,0.0422,0.00010000000000000286
2025-03-25 15:32:59,0.0421,0.0422,0.00010000000000000286
2025-03-25 15:32:59,0.0421,0.0422,0.00010000000000000286
2025-03-25 15:33:01,0.0421,0.0422,0.00010000000000000286
2025-03-25 15:33:01,0.0421,0.0422,0.00010000000000000286
2025-03-25 15:33:02,0.0421,0.0422,0.00010000000000000286
2025-03-25 15:33:02,0.0421,0.0422,0.00010000000000000286
2025-03-25 15:33:03,0.0421,0.0422,0.00010000000000000286
2025-03-25 15:33:03,0.0421,0.0422,0.00010000000000000286
2025-03-25 15:33:05,0.0421,0.0422,0.00010000000000000286
2025-03-25 15:33:05,0.0421,0.0422,0.00010000000000000286
2025-03-25 15:33:06,0.0421,0.0422,0.00010000000000000286
2025-03-25 15:33:06,0.0421,0.0422,0.00010000000000000286
2025-03-25 15:33:07,0.0421,0.0422,0.00010000000000000286
2025-03-25 15:33:07,0.0421,0.0422,0.00010000000000000286
2025-03-25 15:33:08,0.0421,0.0422,0.00010000000000000286
2025-03-25 15:33:08,0.0421,0.0422,0.00010000000000000286
2025-03-25 15:33:09,0.0421,0.0421,0.0
2025-03-25 15:33:09,0.0421,0.0421,0.0
2025-03-25 15:33:12,0.0421,0.0421,0.0
2025-03-25 15:33:12,0.0421,0.0421,0.0
2025-03-25 15:33:13,0.0421,0.0421,0.0
2025-03-25 15:33:13,0.0421,0.0421,0.0
2025-03-25 15:33:14,0.0421,0.0421,0.0
2025-03-25 15:33:14,0.0421,0.0421,0.0
2025-03-25 15:33:17,0.0421,0.0421,0.0
2025-03-25 15:33:17,0.0421,0.0421,0.0
2025-03-25 15:33:31,0.0421,0.0421,0.0
2025-03-25 15:33:31,0.0421,0.0421,0.0
2025-03-25 15:33:33,0.0421,0.0421,0.0
2025-03-25 15:33:33,0.0421,0.0421,0.0
2025-03-25 15:33:43,0.0421,0.0421,0.0
2025-03-25 15:33:43,0.0421,0.0421,0.0
2025-03-25 15:33:44,0.0421,0.0421,0.0
2025-03-25 15:33:44,0.0421,0.0421,0.0
2025-03-25 15:33:48,0.0421,0.0421,0.0
2025-03-25 15:33:48,0.0421,0.0421,0.0
2025-03-25 15:33:51,0.0421,0.0421,0.0
2025-03-25 15:33:51,0.0421,0.0421,0.0
2025-03-25 15:33:53,0.0421,0.0421,0.0
2025-03-25 15:33:53,0.0421,0.0421,0.0
2025-03-25 15:33:58,0.0421,0.0421,0.0
2025-03-25 15:33:58,0.0421,0.0421,0.0
2025-03-25 15:34:01,0.0421,0.0421,0.0
2025-03-25 15:34:01,0.0421,0.0421,0.0
2025-03-25 15:34:02,0.042,0.0421,9.999999999999593e-05
2025-03-25 15:34:02,0.042,0.0421,9.999999999999593e-05
2025-03-25 15:34:03,0.042,0.0421,9.999999999999593e-05
2025-03-25 15:34:03,0.042,0.0421,9.999999999999593e-05
2025-03-25 15:34:04,0.042,0.0421,9.999999999999593e-05
2025-03-25 15:34:04,0.042,0.0421,9.999999999999593e-05
2025-03-25 15:34:05,0.042,0.0421,9.999999999999593e-05
2025-03-25 15:34:05,0.042,0.0421,9.999999999999593e-05
2025-03-25 15:34:06,0.042,0.0421,9.999999999999593e-05
2025-03-25 15:34:06,0.042,0.0421,9.999999999999593e-05
2025-03-25 15:34:07,0.042,0.0421,9.999999999999593e-05
2025-03-25 15:34:07,0.042,0.0421,9.999999999999593e-05
2025-03-25 15:34:08,0.042,0.0421,9.999999999999593e-05
2025-03-25 15:34:08,0.042,0.0421,9.999999999999593e-05
2025-03-25 15:34:09,0.042,0.0421,9.999999999999593e-05
2025-03-25 15:34:09,0.042,0.0421,9.999999999999593e-05
2025-03-25 15:34:10,0.042,0.0421,9.999999999999593e-05
2025-03-25 15:34:10,0.042,0.0421,9.999999999999593e-05
2025-03-25 15:34:11,0.042,0.0421,9.999999999999593e-05
2025-03-25 15:34:11,0.042,0.0421,9.999999999999593e-05
2025-03-25 15:34:12,0.042,0.0421,9.999999999999593e-05
2025-03-25 15:34:12,0.042,0.0421,9.999999999999593e-05
2025-03-25 15:34:13,0.042,0.0421,9.999999999999593e-05
2025-03-25 15:34:13,0.042,0.0421,9.999999999999593e-05
2025-03-25 15:34:15,0.042,0.0421,9.999999999999593e-05
2025-03-25 15:34:15,0.042,0.0421,9.999999999999593e-05
2025-03-25 15:34:16,0.042,0.0421,9.999999999999593e-05
2025-03-25 15:34:16,0.042,0.0421,9.999999999999593e-05
2025-03-25 15:34:19,0.042,0.0421,9.999999999999593e-05
2025-03-25 15:34:19,0.042,0.0421,9.999999999999593e-05
2025-03-25 15:34:20,0.042,0.0421,9.999999999999593e-05
2025-03-25 15:34:20,0.042,0.0421,9.999999999999593e-05
2025-03-25 15:34:21,0.042,0.0421,9.999999999999593e-05
2025-03-25 15:34:21,0.042,0.0421,9.999999999999593e-05
2025-03-25 15:34:22,0.042,0.0421,9.999999999999593e-05
2025-03-25 15:34:22,0.042,0.0421,9.999999999999593e-05
2025-03-25 15:34:31,0.042,0.0421,9.999999999999593e-05
2025-03-25 15:34:31,0.042,0.0421,9.999999999999593e-05
2025-03-25 15:34:42,0.042,0.0421,9.999999999999593e-05
2025-03-25 15:34:42,0.042,0.0421,9.999999999999593e-05
2025-03-25 15:34:45,0.042,0.0421,9.999999999999593e-05
2025-03-25 15:34:45,0.042,0.0421,9.999999999999593e-05
2025-03-25 15:34:52,0.042,0.0421,9.999999999999593e-05
2025-03-25 15:34:52,0.042,0.0421,9.999999999999593e-05
2025-03-25 15:34:54,0.042,0.0421,9.999999999999593e-05
2025-03-25 15:34:54,0.042,0.0421,9.999999999999593e-05
2025-03-25 15:34:59,0.042,0.0421,9.999999999999593e-05
2025-03-25 15:34:59,0.042,0.0421,9.999999999999593e-05
2025-03-25 15:35:00,0.042,0.0421,9.999999999999593e-05
2025-03-25 15:35:00,0.042,0.0421,9.999999999999593e-05
2025-03-25 15:35:01,0.042,0.0421,9.999999999999593e-05
2025-03-25 15:35:01,0.042,0.0421,9.999999999999593e-05
2025-03-25 15:35:02,0.042,0.0421,9.999999999999593e-05
2025-03-25 15:35:02,0.042,0.0421,9.999999999999593e-05
2025-03-25 15:35:03,0.042,0.0421,9.999999999999593e-05
2025-03-25 15:35:03,0.042,0.0421,9.999999999999593e-05
2025-03-25 15:35:04,0.042,0.0421,9.999999999999593e-05
2025-03-25 15:35:04,0.042,0.0421,9.999999999999593e-05
2025-03-25 15:35:06,0.042,0.0421,9.999999999999593e-05
2025-03-25 15:35:06,0.042,0.0421,9.999999999999593e-05
2025-03-25 15:35:07,0.042,0.0421,9.999999999999593e-05
2025-03-25 15:35:07,0.042,0.0421,9.999999999999593e-05
2025-03-25 15:35:08,0.042,0.0421,9.999999999999593e-05
2025-03-25 15:35:08,0.042,0.0421,9.999999999999593e-05
2025-03-25 15:35:12,0.042,0.0421,9.999999999999593e-05
2025-03-25 15:35:12,0.042,0.0421,9.999999999999593e-05
2025-03-25 15:35:16,0.042,0.042,0.0
2025-03-25 15:35:16,0.042,0.042,0.0
2025-03-25 15:35:17,0.042,0.042,0.0
2025-03-25 15:35:17,0.042,0.042,0.0
2025-03-25 15:35:18,0.042,0.042,0.0
2025-03-25 15:35:18,0.042,0.042,0.0
2025-03-25 15:35:19,0.042,0.042,0.0
2025-03-25 15:35:19,0.042,0.042,0.0
2025-03-25 15:35:20,0.042,0.042,0.0
2025-03-25 15:35:20,0.042,0.042,0.0
2025-03-25 15:35:21,0.042,0.042,0.0
2025-03-25 15:35:21,0.042,0.042,0.0
2025-03-25 15:35:22,0.042,0.0421,9.999999999999593e-05
2025-03-25 15:35:22,0.042,0.0421,9.999999999999593e-05
2025-03-25 15:35:23,0.042,0.0421,9.999999999999593e-05
2025-03-25 15:35:23,0.042,0.0421,9.999999999999593e-05
2025-03-25 15:35:24,0.042,0.0421,9.999999999999593e-05
2025-03-25 15:35:24,0.042,0.0421,9.999999999999593e-05
2025-03-25 15:35:25,0.042,0.0421,9.999999999999593e-05
2025-03-25 15:35:25,0.042,0.0421,9.999999999999593e-05
2025-03-25 15:35:26,0.042,0.0421,9.999999999999593e-05
2025-03-25 15:35:26,0.042,0.0421,9.999999999999593e-05
2025-03-25 15:35:27,0.042,0.0421,9.999999999999593e-05
2025-03-25 15:35:27,0.042,0.0421,9.999999999999593e-05
2025-03-25 15:35:28,0.042,0.0421,9.999999999999593e-05
2025-03-25 15:35:28,0.042,0.0421,9.999999999999593e-05
2025-03-25 15:35:29,0.042,0.0421,9.999999999999593e-05
2025-03-25 15:35:29,0.042,0.0421,9.999999999999593e-05
2025-03-25 15:35:30,0.042,0.0421,9.999999999999593e-05
2025-03-25 15:35:30,0.042,0.0421,9.999999999999593e-05
2025-03-25 15:35:31,0.042,0.0421,9.999999999999593e-05
2025-03-25 15:35:31,0.042,0.0421,9.999999999999593e-05
2025-03-25 15:35:32,0.042,0.0421,9.999999999999593e-05
2025-03-25 15:35:32,0.042,0.0421,9.999999999999593e-05
2025-03-25 15:35:33,0.042,0.0421,9.999999999999593e-05
2025-03-25 15:35:33,0.042,0.0421,9.999999999999593e-05
2025-03-25 15:35:34,0.042,0.0421,9.999999999999593e-05
2025-03-25 15:35:34,0.042,0.0421,9.999999999999593e-05
2025-03-25 15:35:35,0.042,0.0421,9.999999999999593e-05
2025-03-25 15:35:35,0.042,0.0421,9.999999999999593e-05
2025-03-25 15:35:36,0.042,0.0421,9.999999999999593e-05
2025-03-25 15:35:36,0.042,0.0421,9.999999999999593e-05
2025-03-25 15:35:38,0.042,0.0421,9.999999999999593e-05
2025-03-25 15:35:38,0.042,0.0421,9.999999999999593e-05
2025-03-25 15:35:39,0.042,0.0421,9.999999999999593e-05
2025-03-25 15:35:39,0.042,0.0421,9.999999999999593e-05
2025-03-25 15:35:40,0.042,0.0421,9.999999999999593e-05
2025-03-25 15:35:40,0.042,0.0421,9.999999999999593e-05
2025-03-25 15:35:41,0.042,0.0421,9.999999999999593e-05
2025-03-25 15:35:41,0.042,0.0421,9.999999999999593e-05
2025-03-25 15:35:42,0.042,0.0421,9.999999999999593e-05
2025-03-25 15:35:42,0.042,0.0421,9.999999999999593e-05
2025-03-25 15:35:43,0.042,0.0421,9.999999999999593e-05
2025-03-25 15:35:43,0.042,0.0421,9.999999999999593e-05
2025-03-25 15:35:44,0.042,0.0421,9.999999999999593e-05
2025-03-25 15:35:44,0.042,0.0421,9.999999999999593e-05
2025-03-25 15:35:45,0.042,0.0421,9.999999999999593e-05
2025-03-25 15:35:45,0.042,0.0421,9.999999999999593e-05
2025-03-25 15:35:46,0.042,0.0421,9.999999999999593e-05
2025-03-25 15:35:46,0.042,0.0421,9.999999999999593e-05
2025-03-25 15:35:47,0.042,0.0421,9.999999999999593e-05
2025-03-25 15:35:47,0.042,0.0421,9.999999999999593e-05
2025-03-25 15:35:48,0.042,0.0421,9.999999999999593e-05
2025-03-25 15:35:48,0.042,0.0421,9.999999999999593e-05
2025-03-25 15:35:49,0.042,0.0421,9.999999999999593e-05
2025-03-25 15:35:49,0.042,0.0421,9.999999999999593e-05
2025-03-25 15:35:50,0.042,0.0421,9.999999999999593e-05
2025-03-25 15:35:50,0.042,0.0421,9.999999999999593e-05
2025-03-25 15:35:51,0.042,0.0421,9.999999999999593e-05
2025-03-25 15:35:51,0.042,0.0421,9.999999999999593e-05
2025-03-25 15:35:52,0.042,0.0421,9.999999999999593e-05
2025-03-25 15:35:52,0.042,0.0421,9.999999999999593e-05
