LocalTime,TradeID,Side,Price,Quantity,BuyerOrderID,SellerOrderID,TradeTime
2025-03-25 10:40:09,19192928,SELL,0.0424,518.0,,,2025-03-25 10:40:09
2025-03-25 10:40:09,19192929,SELL,0.04239,200.0,,,2025-03-25 10:40:09
2025-03-25 10:40:16,19192930,BUY,0.04243,304.0,,,2025-03-25 10:40:16
2025-03-25 10:40:16,19192931,BUY,0.04244,298.0,,,2025-03-25 10:40:16
2025-03-25 10:40:16,19192932,BUY,0.04245,98.0,,,2025-03-25 10:40:16
2025-03-25 10:40:44,19192933,SELL,0.04238,149.0,,,2025-03-25 10:40:44
2025-03-25 10:40:44,19192934,SELL,0.04237,143.0,,,2025-03-25 10:40:44
2025-03-25 10:40:44,19192935,SELL,0.04236,132.0,,,2025-03-25 10:40:44
2025-03-25 10:40:44,19192936,SELL,0.04236,350.0,,,2025-03-25 10:40:44
2025-03-25 10:40:44,19192937,SELL,0.04235,200.0,,,2025-03-25 10:40:44
2025-03-25 10:41:24,19192938,BUY,0.04239,201.0,,,2025-03-25 10:41:24
2025-03-25 10:41:25,19192939,BUY,0.04239,153.0,,,2025-03-25 10:41:25
2025-03-25 10:41:25,19192940,BUY,0.0424,156.0,,,2025-03-25 10:41:25
2025-03-25 10:41:25,19192941,BUY,0.0424,62.0,,,2025-03-25 10:41:25
2025-03-25 10:41:31,19192942,BUY,0.04241,173.0,,,2025-03-25 10:41:31
2025-03-25 10:41:31,19192943,BUY,0.04242,10.0,,,2025-03-25 10:41:31
2025-03-25 10:41:39,19192944,BUY,0.04241,176.0,,,2025-03-25 10:41:39
2025-03-25 10:41:39,19192945,BUY,0.04242,10.0,,,2025-03-25 10:41:39
2025-03-25 10:41:47,19192946,BUY,0.04241,160.0,,,2025-03-25 10:41:47
2025-03-25 10:42:12,19192947,BUY,0.04239,179.0,,,2025-03-25 10:42:12
2025-03-25 10:42:12,19192948,BUY,0.04241,60.0,,,2025-03-25 10:42:12
2025-03-25 10:42:25,19192949,SELL,0.04235,170.0,,,2025-03-25 10:42:25
2025-03-25 10:42:25,19192950,SELL,0.04234,49.0,,,2025-03-25 10:42:25
2025-03-25 10:42:46,19192951,BUY,0.04238,181.0,,,2025-03-25 10:42:46
2025-03-25 10:42:46,19192952,BUY,0.04239,17.0,,,2025-03-25 10:42:46
2025-03-25 10:43:09,19192953,BUY,0.04239,163.0,,,2025-03-25 10:43:09
2025-03-25 10:43:09,19192954,BUY,0.04241,106.0,,,2025-03-25 10:43:09
2025-03-25 10:44:05,19192955,BUY,0.04239,545.0,,,2025-03-25 10:44:05
2025-03-25 10:44:05,19192956,BUY,0.0424,141.0,,,2025-03-25 10:44:05
2025-03-25 10:45:00,19192957,SELL,0.04236,185.0,,,2025-03-25 10:45:00
2025-03-25 10:45:00,19192958,SELL,0.04235,181.0,,,2025-03-25 10:45:00
2025-03-25 10:45:00,19192959,SELL,0.04234,121.0,,,2025-03-25 10:45:00
2025-03-25 10:45:00,19192960,SELL,0.04233,143.0,,,2025-03-25 10:45:00
2025-03-25 10:45:00,19192961,SELL,0.04232,156.0,,,2025-03-25 10:45:00
2025-03-25 10:45:00,19192962,SELL,0.04231,246.0,,,2025-03-25 10:45:00
2025-03-25 10:45:00,19192963,SELL,0.0423,2.0,,,2025-03-25 10:45:00
2025-03-25 10:45:59,19192964,SELL,0.04227,127.0,,,2025-03-25 10:45:59
2025-03-25 10:46:13,19192965,BUY,0.04231,184.0,,,2025-03-25 10:46:13
2025-03-25 10:46:13,19192966,BUY,0.04232,184.0,,,2025-03-25 10:46:13
2025-03-25 10:46:13,19192967,BUY,0.04233,185.0,,,2025-03-25 10:46:13
2025-03-25 10:46:13,19192968,BUY,0.04234,185.0,,,2025-03-25 10:46:13
2025-03-25 10:46:13,19192969,BUY,0.04235,184.0,,,2025-03-25 10:46:13
2025-03-25 10:46:13,19192970,BUY,0.04236,119.0,,,2025-03-25 10:46:13
2025-03-25 10:46:24,19192971,BUY,0.04236,66.0,,,2025-03-25 10:46:24
2025-03-25 10:46:24,19192972,BUY,0.04236,114.0,,,2025-03-25 10:46:24
2025-03-25 10:46:25,19192973,BUY,0.04236,297.0,,,2025-03-25 10:46:25
2025-03-25 10:46:26,19192974,BUY,0.04236,37.0,,,2025-03-25 10:46:26
2025-03-25 10:46:26,19192975,BUY,0.04237,185.0,,,2025-03-25 10:46:26
2025-03-25 10:46:26,19192976,BUY,0.04237,106.0,,,2025-03-25 10:46:26
2025-03-25 10:48:26,19192977,SELL,0.04232,138.0,,,2025-03-25 10:48:26
2025-03-25 10:48:55,19192978,SELL,0.04231,183.0,,,2025-03-25 10:48:55
2025-03-25 10:48:55,19192979,SELL,0.0423,184.0,,,2025-03-25 10:48:55
2025-03-25 10:48:55,19192980,SELL,0.04229,184.0,,,2025-03-25 10:48:55
2025-03-25 10:48:55,19192981,SELL,0.04228,62.0,,,2025-03-25 10:48:55
2025-03-25 10:49:27,19192982,BUY,0.04233,184.0,,,2025-03-25 10:49:27
2025-03-25 10:49:27,19192983,BUY,0.04234,56.0,,,2025-03-25 10:49:27
2025-03-25 10:50:20,19192984,BUY,0.04234,128.0,,,2025-03-25 10:50:20
2025-03-25 10:50:20,19192985,BUY,0.04235,12.0,,,2025-03-25 10:50:20
2025-03-25 10:50:34,19192986,BUY,0.04234,184.0,,,2025-03-25 10:50:34
2025-03-25 10:50:34,19192987,BUY,0.04235,170.0,,,2025-03-25 10:50:34
2025-03-25 10:50:34,19192988,BUY,0.04237,182.0,,,2025-03-25 10:50:34
2025-03-25 10:50:34,19192989,BUY,0.04238,185.0,,,2025-03-25 10:50:34
2025-03-25 10:50:34,19192990,BUY,0.04239,101.0,,,2025-03-25 10:50:34
2025-03-25 10:51:13,19192991,SELL,0.04233,184.0,,,2025-03-25 10:51:13
2025-03-25 10:51:13,19192992,SELL,0.04232,34.0,,,2025-03-25 10:51:13
2025-03-25 10:51:53,19192993,SELL,0.04232,150.0,,,2025-03-25 10:51:53
2025-03-25 10:51:53,19192994,SELL,0.04231,184.0,,,2025-03-25 10:51:53
2025-03-25 10:51:53,19192995,SELL,0.0423,6.0,,,2025-03-25 10:51:53
2025-03-25 10:52:25,19192996,BUY,0.04234,202.0,,,2025-03-25 10:52:25
2025-03-25 10:52:25,19192997,BUY,0.04235,110.0,,,2025-03-25 10:52:25
2025-03-25 10:52:57,19192998,SELL,0.04231,185.0,,,2025-03-25 10:52:57
2025-03-25 10:53:03,19192999,SELL,0.04229,138.0,,,2025-03-25 10:53:03
2025-03-25 10:53:22,19193000,SELL,0.04228,122.0,,,2025-03-25 10:53:22
2025-03-25 10:53:22,19193001,SELL,0.04227,184.0,,,2025-03-25 10:53:22
2025-03-25 10:53:31,19193002,SELL,0.04223,186.0,,,2025-03-25 10:53:31
2025-03-25 10:53:31,19193003,SELL,0.04222,2.0,,,2025-03-25 10:53:31
2025-03-25 10:54:19,19193004,SELL,0.04222,156.0,,,2025-03-25 10:54:20
2025-03-25 10:54:46,19193005,SELL,0.04222,28.0,,,2025-03-25 10:54:46
2025-03-25 10:54:46,19193006,SELL,0.04221,154.0,,,2025-03-25 10:54:46
2025-03-25 10:56:19,19193007,BUY,0.04225,186.0,,,2025-03-25 10:56:19
2025-03-25 10:56:19,19193008,BUY,0.04226,52.0,,,2025-03-25 10:56:19
2025-03-25 10:56:57,19193009,BUY,0.04226,73.0,,,2025-03-25 10:56:57
2025-03-25 10:56:57,19193010,BUY,0.04227,66.0,,,2025-03-25 10:56:57
2025-03-25 10:57:29,19193011,SELL,0.04223,180.0,,,2025-03-25 10:57:29
2025-03-25 10:57:38,19193012,BUY,0.04226,187.0,,,2025-03-25 10:57:38
2025-03-25 10:57:38,19193013,BUY,0.04227,88.0,,,2025-03-25 10:57:38
2025-03-25 10:58:05,19193014,BUY,0.04227,32.0,,,2025-03-25 10:58:05
2025-03-25 10:58:05,19193015,BUY,0.04227,148.0,,,2025-03-25 10:58:05
2025-03-25 10:58:05,19193016,BUY,0.04227,148.0,,,2025-03-25 10:58:05
2025-03-25 10:59:29,19193017,BUY,0.04227,1645.0,,,2025-03-25 10:59:29
2025-03-25 10:59:29,19193018,BUY,0.04229,186.0,,,2025-03-25 10:59:29
2025-03-25 10:59:29,19193019,BUY,0.0423,186.0,,,2025-03-25 10:59:29
2025-03-25 10:59:29,19193020,BUY,0.0423,291.0,,,2025-03-25 10:59:29
2025-03-25 10:59:29,19193021,BUY,0.04231,186.0,,,2025-03-25 10:59:29
2025-03-25 10:59:29,19193022,BUY,0.04231,1000.0,,,2025-03-25 10:59:29
2025-03-25 10:59:29,19193023,BUY,0.04232,283.0,,,2025-03-25 10:59:29
2025-03-25 10:59:29,19193024,BUY,0.04232,954.0,,,2025-03-25 10:59:29
2025-03-25 10:59:30,19193025,BUY,0.04233,4731.0,,,2025-03-25 10:59:30
2025-03-25 10:59:32,19193026,BUY,0.04233,3926.0,,,2025-03-25 10:59:32
2025-03-25 10:59:36,19193027,BUY,0.04233,248.0,,,2025-03-25 10:59:37
2025-03-25 11:00:05,19193028,SELL,0.04229,247.0,,,2025-03-25 11:00:05
2025-03-25 11:00:05,19193029,SELL,0.04228,247.0,,,2025-03-25 11:00:05
2025-03-25 11:00:05,19193030,SELL,0.04227,235.0,,,2025-03-25 11:00:05
2025-03-25 11:00:05,19193031,SELL,0.04226,235.0,,,2025-03-25 11:00:05
2025-03-25 11:00:05,19193032,SELL,0.04225,235.0,,,2025-03-25 11:00:05
2025-03-25 11:01:31,19193033,SELL,0.04223,235.0,,,2025-03-25 11:01:31
2025-03-25 11:01:31,19193034,SELL,0.04222,23.0,,,2025-03-25 11:01:31
2025-03-25 11:01:47,19193035,SELL,0.04221,32.0,,,2025-03-25 11:01:47
2025-03-25 11:01:47,19193036,SELL,0.04221,130.0,,,2025-03-25 11:01:47
2025-03-25 11:01:50,19193037,SELL,0.0422,186.0,,,2025-03-25 11:01:50
2025-03-25 11:01:50,19193038,SELL,0.0422,194.0,,,2025-03-25 11:01:50
2025-03-25 11:01:54,19193039,SELL,0.04219,143.0,,,2025-03-25 11:01:54
2025-03-25 11:02:01,19193040,BUY,0.04224,186.0,,,2025-03-25 11:02:01
2025-03-25 11:02:01,19193041,BUY,0.04225,117.0,,,2025-03-25 11:02:01
2025-03-25 11:02:32,19193042,SELL,0.04221,187.0,,,2025-03-25 11:02:32
2025-03-25 11:02:32,19193043,SELL,0.0422,187.0,,,2025-03-25 11:02:32
2025-03-25 11:02:32,19193044,SELL,0.04219,126.0,,,2025-03-25 11:02:32
2025-03-25 11:02:33,19193045,SELL,0.04218,296.0,,,2025-03-25 11:02:33
2025-03-25 11:02:33,19193046,SELL,0.04218,204.0,,,2025-03-25 11:02:33
2025-03-25 11:02:33,19193047,SELL,0.04218,500.0,,,2025-03-25 11:02:33
2025-03-25 11:02:36,19193048,BUY,0.04223,186.0,,,2025-03-25 11:02:36
2025-03-25 11:02:36,19193049,BUY,0.04224,64.0,,,2025-03-25 11:02:36
2025-03-25 11:02:50,19193050,BUY,0.04224,122.0,,,2025-03-25 11:02:50
2025-03-25 11:02:50,19193051,BUY,0.04225,69.0,,,2025-03-25 11:02:50
2025-03-25 11:02:50,19193052,BUY,0.04226,161.0,,,2025-03-25 11:02:50
2025-03-25 11:02:53,19193053,SELL,0.04221,186.0,,,2025-03-25 11:02:53
2025-03-25 11:02:53,19193054,SELL,0.0422,186.0,,,2025-03-25 11:02:53
2025-03-25 11:02:53,19193055,SELL,0.04219,186.0,,,2025-03-25 11:02:53
2025-03-25 11:02:53,19193056,SELL,0.04219,226.0,,,2025-03-25 11:02:53
2025-03-25 11:03:01,19193057,SELL,0.04215,187.0,,,2025-03-25 11:03:01
2025-03-25 11:03:01,19193058,SELL,0.04213,165.0,,,2025-03-25 11:03:01
2025-03-25 11:03:05,19193059,BUY,0.04218,238.0,,,2025-03-25 11:03:05
2025-03-25 11:03:05,19193060,BUY,0.04219,81.0,,,2025-03-25 11:03:05
2025-03-25 11:03:34,19193061,SELL,0.04214,185.0,,,2025-03-25 11:03:34
2025-03-25 11:03:34,19193062,SELL,0.04214,63.0,,,2025-03-25 11:03:34
2025-03-25 11:04:01,19193063,SELL,0.04214,135.0,,,2025-03-25 11:04:01
2025-03-25 11:04:04,19193064,SELL,0.04211,238.0,,,2025-03-25 11:04:04
2025-03-25 11:04:04,19193065,SELL,0.0421,187.0,,,2025-03-25 11:04:04
2025-03-25 11:05:34,19193066,SELL,0.0421,407.0,,,2025-03-25 11:05:34
2025-03-25 11:06:20,19193067,BUY,0.04214,185.0,,,2025-03-25 11:06:20
2025-03-25 11:06:20,19193068,BUY,0.04214,699.0,,,2025-03-25 11:06:20
2025-03-25 11:06:20,19193069,BUY,0.04215,185.0,,,2025-03-25 11:06:20
2025-03-25 11:06:20,19193070,BUY,0.04216,185.0,,,2025-03-25 11:06:20
2025-03-25 11:06:20,19193071,BUY,0.04216,229.0,,,2025-03-25 11:06:20
2025-03-25 11:06:20,19193072,BUY,0.04217,185.0,,,2025-03-25 11:06:20
2025-03-25 11:06:20,19193073,BUY,0.04218,155.0,,,2025-03-25 11:06:20
2025-03-25 11:06:22,19193074,BUY,0.04218,30.0,,,2025-03-25 11:06:22
2025-03-25 11:06:22,19193075,BUY,0.04219,104.0,,,2025-03-25 11:06:22
2025-03-25 11:06:22,19193076,BUY,0.0422,118.0,,,2025-03-25 11:06:22
2025-03-25 11:06:27,19193077,BUY,0.0422,67.0,,,2025-03-25 11:06:27
2025-03-25 11:06:27,19193078,BUY,0.04221,82.0,,,2025-03-25 11:06:27
2025-03-25 11:06:41,19193079,BUY,0.04221,103.0,,,2025-03-25 11:06:41
2025-03-25 11:06:41,19193080,BUY,0.04221,24.0,,,2025-03-25 11:06:41
2025-03-25 11:06:57,19193081,BUY,0.04221,238.0,,,2025-03-25 11:06:57
2025-03-25 11:06:57,19193082,BUY,0.04222,167.0,,,2025-03-25 11:06:57
2025-03-25 11:07:31,19193083,BUY,0.04222,19.0,,,2025-03-25 11:07:32
2025-03-25 11:07:32,19193084,BUY,0.04223,186.0,,,2025-03-25 11:07:32
2025-03-25 11:07:32,19193085,BUY,0.04223,418.0,,,2025-03-25 11:07:32
2025-03-25 11:07:41,19193086,BUY,0.04224,186.0,,,2025-03-25 11:07:41
2025-03-25 11:07:41,19193087,BUY,0.04226,247.0,,,2025-03-25 11:07:41
2025-03-25 11:07:41,19193088,BUY,0.04227,103.0,,,2025-03-25 11:07:41
2025-03-25 11:07:48,19193089,SELL,0.04224,293.0,,,2025-03-25 11:07:48
2025-03-25 11:07:48,19193090,SELL,0.04223,443.0,,,2025-03-25 11:07:48
2025-03-25 11:07:48,19193091,SELL,0.04222,150.0,,,2025-03-25 11:07:48
2025-03-25 11:07:48,19193092,BUY,0.0422,323.0,,,2025-03-25 11:07:48
2025-03-25 11:08:27,19193093,BUY,0.04222,217.0,,,2025-03-25 11:08:27
2025-03-25 11:08:27,19193094,BUY,0.04223,23.0,,,2025-03-25 11:08:27
2025-03-25 11:08:27,19193095,BUY,0.04224,488.0,,,2025-03-25 11:08:27
2025-03-25 11:08:58,19193096,BUY,0.04226,375.0,,,2025-03-25 11:08:58
2025-03-25 11:11:03,19193097,SELL,0.04222,187.0,,,2025-03-25 11:11:03
2025-03-25 11:11:03,19193098,SELL,0.04221,187.0,,,2025-03-25 11:11:03
2025-03-25 11:11:03,19193099,SELL,0.04221,16.0,,,2025-03-25 11:11:03
2025-03-25 11:11:04,19193100,BUY,0.04224,187.0,,,2025-03-25 11:11:04
2025-03-25 11:11:04,19193101,BUY,0.04225,187.0,,,2025-03-25 11:11:04
2025-03-25 11:11:04,19193102,BUY,0.04226,113.0,,,2025-03-25 11:11:04
2025-03-25 11:11:04,19193103,BUY,0.04227,187.0,,,2025-03-25 11:11:04
2025-03-25 11:11:04,19193104,BUY,0.04228,187.0,,,2025-03-25 11:11:04
2025-03-25 11:11:04,19193105,BUY,0.04229,488.0,,,2025-03-25 11:11:04
2025-03-25 11:11:04,19193106,BUY,0.0423,248.0,,,2025-03-25 11:11:04
2025-03-25 11:11:04,19193107,BUY,0.04231,1102.0,,,2025-03-25 11:11:04
2025-03-25 11:11:16,19193108,SELL,0.04222,187.0,,,2025-03-25 11:11:16
2025-03-25 11:11:16,19193109,SELL,0.04221,187.0,,,2025-03-25 11:11:16
2025-03-25 11:11:16,19193110,SELL,0.04221,281.0,,,2025-03-25 11:11:16
2025-03-25 11:11:16,19193111,SELL,0.0422,88.0,,,2025-03-25 11:11:16
2025-03-25 11:11:21,19193112,BUY,0.04224,186.0,,,2025-03-25 11:11:21
2025-03-25 11:11:21,19193113,BUY,0.04225,186.0,,,2025-03-25 11:11:21
2025-03-25 11:11:21,19193114,BUY,0.04225,159.0,,,2025-03-25 11:11:21
2025-03-25 11:11:21,19193115,BUY,0.04225,122.0,,,2025-03-25 11:11:21
2025-03-25 11:13:17,19193116,BUY,0.04227,151.0,,,2025-03-25 11:13:18
2025-03-25 11:13:17,19193117,BUY,0.04227,57.0,,,2025-03-25 11:13:18
2025-03-25 11:14:54,19193118,BUY,0.04227,240.0,,,2025-03-25 11:14:54
2025-03-25 11:15:13,19193119,SELL,0.04223,188.0,,,2025-03-25 11:15:13
2025-03-25 11:15:13,19193120,SELL,0.04222,188.0,,,2025-03-25 11:15:13
2025-03-25 11:15:13,19193121,SELL,0.04221,188.0,,,2025-03-25 11:15:13
2025-03-25 11:15:13,19193122,SELL,0.0422,99.0,,,2025-03-25 11:15:13
2025-03-25 11:15:13,19193123,SELL,0.04219,187.0,,,2025-03-25 11:15:13
2025-03-25 11:15:13,19193124,SELL,0.04218,221.0,,,2025-03-25 11:15:13
2025-03-25 11:15:13,19193125,SELL,0.04217,221.0,,,2025-03-25 11:15:13
2025-03-25 11:15:13,19193126,SELL,0.04216,188.0,,,2025-03-25 11:15:13
2025-03-25 11:15:14,19193127,SELL,0.04215,266.0,,,2025-03-25 11:15:14
2025-03-25 11:16:36,19193128,BUY,0.04214,125.0,,,2025-03-25 11:16:37
2025-03-25 11:16:36,19193129,BUY,0.04214,97.0,,,2025-03-25 11:16:37
2025-03-25 11:16:51,19193130,BUY,0.04214,279.0,,,2025-03-25 11:16:51
2025-03-25 11:16:54,19193131,BUY,0.04214,338.0,,,2025-03-25 11:16:54
2025-03-25 11:16:54,19193132,BUY,0.04214,245.0,,,2025-03-25 11:16:54
2025-03-25 11:16:58,19193133,BUY,0.04214,225.0,,,2025-03-25 11:16:58
2025-03-25 11:16:58,19193134,BUY,0.04214,191.0,,,2025-03-25 11:16:58
2025-03-25 11:17:16,19193135,BUY,0.04215,266.0,,,2025-03-25 11:17:16
2025-03-25 11:17:16,19193136,BUY,0.04215,1180.0,,,2025-03-25 11:17:16
2025-03-25 11:17:16,19193137,BUY,0.04215,1184.0,,,2025-03-25 11:17:16
2025-03-25 11:17:16,19193138,BUY,0.04216,71.0,,,2025-03-25 11:17:16
2025-03-25 11:17:19,19193139,BUY,0.04217,188.0,,,2025-03-25 11:17:19
2025-03-25 11:17:19,19193140,BUY,0.04217,1184.0,,,2025-03-25 11:17:19
2025-03-25 11:17:19,19193141,BUY,0.04217,206.0,,,2025-03-25 11:17:19
2025-03-25 11:17:19,19193142,BUY,0.04217,1123.0,,,2025-03-25 11:17:19
2025-03-25 11:17:21,19193143,BUY,0.04217,57.0,,,2025-03-25 11:17:21
2025-03-25 11:17:21,19193144,BUY,0.04217,918.0,,,2025-03-25 11:17:21
2025-03-25 11:17:36,19193145,SELL,0.04214,170.0,,,2025-03-25 11:17:37
2025-03-25 11:17:37,19193146,SELL,0.04213,191.0,,,2025-03-25 11:17:37
2025-03-25 11:17:37,19193147,SELL,0.04212,191.0,,,2025-03-25 11:17:37
2025-03-25 11:17:55,19193148,BUY,0.04214,125.0,,,2025-03-25 11:17:55
2025-03-25 11:17:55,19193149,BUY,0.04214,60.0,,,2025-03-25 11:17:55
2025-03-25 11:19:47,19193150,BUY,0.04214,345.0,,,2025-03-25 11:19:47
2025-03-25 11:20:09,19193151,BUY,0.04214,134.0,,,2025-03-25 11:20:09
2025-03-25 11:20:28,19193152,SELL,0.0421,147.0,,,2025-03-25 11:20:28
2025-03-25 11:20:49,19193153,BUY,0.04213,275.0,,,2025-03-25 11:20:49
2025-03-25 11:20:49,19193154,BUY,0.04213,41.0,,,2025-03-25 11:20:49
2025-03-25 11:21:13,19193155,BUY,0.04213,119.0,,,2025-03-25 11:21:13
2025-03-25 11:21:24,19193156,BUY,0.04213,255.0,,,2025-03-25 11:21:24
2025-03-25 11:21:31,19193157,BUY,0.04213,125.0,,,2025-03-25 11:21:31
2025-03-25 11:21:33,19193158,SELL,0.0421,194.0,,,2025-03-25 11:21:33
2025-03-25 11:21:33,19193159,SELL,0.0421,1432.0,,,2025-03-25 11:21:33
2025-03-25 11:21:33,19193160,SELL,0.04208,342.0,,,2025-03-25 11:21:33
2025-03-25 11:22:21,19193161,BUY,0.04207,128.0,,,2025-03-25 11:22:21
2025-03-25 11:22:27,19193162,SELL,0.04203,147.0,,,2025-03-25 11:22:27
2025-03-25 11:22:28,19193163,BUY,0.04203,254.0,,,2025-03-25 11:22:28
2025-03-25 11:22:28,19193164,BUY,0.04203,1184.0,,,2025-03-25 11:22:28
2025-03-25 11:22:55,19193165,BUY,0.04205,143.0,,,2025-03-25 11:22:55
2025-03-25 11:22:57,19193166,BUY,0.04205,249.0,,,2025-03-25 11:22:57
2025-03-25 11:22:57,19193167,BUY,0.04205,147.0,,,2025-03-25 11:22:57
2025-03-25 11:22:57,19193168,BUY,0.04205,288.0,,,2025-03-25 11:22:57
2025-03-25 11:23:11,19193169,BUY,0.04206,130.0,,,2025-03-25 11:23:11
2025-03-25 11:24:27,19193170,BUY,0.04206,111.0,,,2025-03-25 11:24:27
2025-03-25 11:24:27,19193171,BUY,0.04207,48.0,,,2025-03-25 11:24:27
2025-03-25 11:24:29,19193172,BUY,0.04209,230.0,,,2025-03-25 11:24:29
2025-03-25 11:24:29,19193173,BUY,0.0421,16.0,,,2025-03-25 11:24:29
2025-03-25 11:25:25,19193174,SELL,0.04207,354.0,,,2025-03-25 11:25:25
2025-03-25 11:25:25,19193175,SELL,0.04206,229.0,,,2025-03-25 11:25:25
2025-03-25 11:25:25,19193176,SELL,0.04205,81.0,,,2025-03-25 11:25:25
2025-03-25 11:25:53,19193177,BUY,0.04205,119.0,,,2025-03-25 11:25:53
2025-03-25 11:25:53,19193178,BUY,0.04205,4693.0,,,2025-03-25 11:25:53
2025-03-25 11:26:38,19193179,BUY,0.04209,183.0,,,2025-03-25 11:26:38
2025-03-25 11:26:40,19193180,BUY,0.04209,13.0,,,2025-03-25 11:26:40
2025-03-25 11:26:40,19193181,BUY,0.0421,196.0,,,2025-03-25 11:26:40
2025-03-25 11:26:40,19193182,BUY,0.04211,158.0,,,2025-03-25 11:26:40
2025-03-25 11:26:49,19193183,BUY,0.04211,169.0,,,2025-03-25 11:26:49
2025-03-25 11:26:59,19193184,BUY,0.04212,197.0,,,2025-03-25 11:26:59
2025-03-25 11:26:59,19193185,BUY,0.04213,30.0,,,2025-03-25 11:26:59
2025-03-25 11:27:24,19193186,BUY,0.04214,191.0,,,2025-03-25 11:27:24
2025-03-25 11:27:24,19193186,BUY,0.04214,191.0,,,2025-03-25 11:27:24
2025-03-25 11:27:24,19193187,BUY,0.04214,102.0,,,2025-03-25 11:27:24
2025-03-25 11:27:24,19193187,BUY,0.04214,102.0,,,2025-03-25 11:27:24
2025-03-25 11:27:25,19193188,BUY,0.04214,120.0,,,2025-03-25 11:27:25
2025-03-25 11:27:25,19193188,BUY,0.04214,120.0,,,2025-03-25 11:27:25
2025-03-25 11:27:39,19193189,BUY,0.04212,162.0,,,2025-03-25 11:27:39
2025-03-25 11:27:39,19193189,BUY,0.04212,162.0,,,2025-03-25 11:27:39
2025-03-25 11:27:39,19193190,SELL,0.0421,463.0,,,2025-03-25 11:27:39
2025-03-25 11:27:39,19193190,SELL,0.0421,463.0,,,2025-03-25 11:27:39
2025-03-25 11:27:39,19193191,SELL,0.04209,313.0,,,2025-03-25 11:27:39
2025-03-25 11:27:39,19193191,SELL,0.04209,313.0,,,2025-03-25 11:27:39
2025-03-25 11:28:20,19193192,BUY,0.04213,241.0,,,2025-03-25 11:28:20
2025-03-25 11:28:20,19193192,BUY,0.04213,241.0,,,2025-03-25 11:28:20
2025-03-25 11:30:09,19193193,BUY,0.04213,222.0,,,2025-03-25 11:30:09
2025-03-25 11:30:09,19193193,BUY,0.04213,222.0,,,2025-03-25 11:30:09
2025-03-25 11:30:09,19193194,BUY,0.04213,1184.0,,,2025-03-25 11:30:09
2025-03-25 11:30:09,19193194,BUY,0.04213,1184.0,,,2025-03-25 11:30:09
2025-03-25 11:30:09,19193195,BUY,0.04213,971.0,,,2025-03-25 11:30:09
2025-03-25 11:30:09,19193195,BUY,0.04213,971.0,,,2025-03-25 11:30:09
2025-03-25 11:30:11,19193196,BUY,0.04214,332.0,,,2025-03-25 11:30:11
2025-03-25 11:30:11,19193196,BUY,0.04214,332.0,,,2025-03-25 11:30:11
2025-03-25 11:30:46,19193197,BUY,0.04214,193.0,,,2025-03-25 11:30:46
2025-03-25 11:30:46,19193197,BUY,0.04214,193.0,,,2025-03-25 11:30:46
2025-03-25 11:31:25,19193198,BUY,0.04213,363.0,,,2025-03-25 11:31:25
2025-03-25 11:31:25,19193198,BUY,0.04213,363.0,,,2025-03-25 11:31:25
2025-03-25 11:31:29,19193199,SELL,0.04209,150.0,,,2025-03-25 11:31:29
2025-03-25 11:31:29,19193199,SELL,0.04209,150.0,,,2025-03-25 11:31:29
2025-03-25 11:31:29,19193200,SELL,0.04208,69.0,,,2025-03-25 11:31:29
2025-03-25 11:31:29,19193200,SELL,0.04208,69.0,,,2025-03-25 11:31:29
2025-03-25 11:31:31,19193201,SELL,0.04208,147.0,,,2025-03-25 11:31:32
2025-03-25 11:31:31,19193201,SELL,0.04208,147.0,,,2025-03-25 11:31:32
2025-03-25 11:31:36,19193202,BUY,0.04211,122.0,,,2025-03-25 11:31:36
2025-03-25 11:31:36,19193202,BUY,0.04211,122.0,,,2025-03-25 11:31:36
2025-03-25 11:31:57,19193203,BUY,0.04213,129.0,,,2025-03-25 11:31:58
2025-03-25 11:31:57,19193204,BUY,0.04213,234.0,,,2025-03-25 11:31:58
2025-03-25 11:31:57,19193205,BUY,0.04214,49.0,,,2025-03-25 11:31:58
2025-03-25 11:32:08,19193206,SELL,0.04211,253.0,,,2025-03-25 11:32:08
2025-03-25 11:32:08,19193207,SELL,0.04211,206.0,,,2025-03-25 11:32:08
2025-03-25 11:32:08,19193208,SELL,0.0421,253.0,,,2025-03-25 11:32:08
2025-03-25 11:32:08,19193209,SELL,0.04209,253.0,,,2025-03-25 11:32:08
2025-03-25 11:32:08,19193210,SELL,0.04208,241.0,,,2025-03-25 11:32:08
2025-03-25 11:32:08,19193211,SELL,0.04207,197.0,,,2025-03-25 11:32:08
2025-03-25 11:32:08,19193212,SELL,0.04207,363.0,,,2025-03-25 11:32:08
2025-03-25 11:32:08,19193213,SELL,0.04206,197.0,,,2025-03-25 11:32:08
2025-03-25 11:32:08,19193214,SELL,0.04206,363.0,,,2025-03-25 11:32:08
2025-03-25 11:32:08,19193215,SELL,0.04205,393.0,,,2025-03-25 11:32:08
2025-03-25 11:32:08,19193216,SELL,0.04205,2343.0,,,2025-03-25 11:32:08
2025-03-25 11:32:08,19193217,SELL,0.04204,199.0,,,2025-03-25 11:32:08
2025-03-25 11:32:08,19193218,SELL,0.04204,1000.0,,,2025-03-25 11:32:08
2025-03-25 11:32:08,19193219,SELL,0.04203,197.0,,,2025-03-25 11:32:08
2025-03-25 11:32:08,19193220,SELL,0.04203,329.0,,,2025-03-25 11:32:08
2025-03-25 11:32:08,19193221,SELL,0.04203,201.0,,,2025-03-25 11:32:08
2025-03-25 11:32:08,19193222,SELL,0.04202,281.0,,,2025-03-25 11:32:08
2025-03-25 11:32:08,19193223,SELL,0.04202,2323.0,,,2025-03-25 11:32:08
2025-03-25 11:32:08,19193224,SELL,0.04201,389.0,,,2025-03-25 11:32:08
2025-03-25 11:32:08,19193225,SELL,0.042,391.0,,,2025-03-25 11:32:08
2025-03-25 11:32:08,19193226,BUY,0.042,4653.0,,,2025-03-25 11:32:08
2025-03-25 11:32:08,19193227,BUY,0.042,5605.0,,,2025-03-25 11:32:08
2025-03-25 11:32:08,19193228,BUY,0.042,15327.0,,,2025-03-25 11:32:08
2025-03-25 11:32:36,19193229,SELL,0.04202,425.0,,,2025-03-25 11:32:36
2025-03-25 11:32:36,19193229,SELL,0.04202,425.0,,,2025-03-25 11:32:36
2025-03-25 11:32:37,19193230,BUY,0.04206,174.0,,,2025-03-25 11:32:37
2025-03-25 11:32:37,19193231,BUY,0.04207,58.0,,,2025-03-25 11:32:37
2025-03-25 11:32:37,19193230,BUY,0.04206,174.0,,,2025-03-25 11:32:37
2025-03-25 11:32:37,19193231,BUY,0.04207,58.0,,,2025-03-25 11:32:37
2025-03-25 11:32:53,19193232,BUY,0.04206,209.0,,,2025-03-25 11:32:53
2025-03-25 11:32:53,19193232,BUY,0.04206,209.0,,,2025-03-25 11:32:53
2025-03-25 11:33:18,19193233,BUY,0.04206,155.0,,,2025-03-25 11:33:18
2025-03-25 11:33:18,19193233,BUY,0.04206,155.0,,,2025-03-25 11:33:18
2025-03-25 11:33:26,19193234,BUY,0.04206,19.0,,,2025-03-25 11:33:26
2025-03-25 11:33:26,19193234,BUY,0.04206,19.0,,,2025-03-25 11:33:26
2025-03-25 11:33:26,19193235,BUY,0.04207,108.0,,,2025-03-25 11:33:26
2025-03-25 11:33:26,19193235,BUY,0.04207,108.0,,,2025-03-25 11:33:26
2025-03-25 11:34:51,19193236,SELL,0.04197,495.0,,,2025-03-25 11:34:51
2025-03-25 11:34:51,19193236,SELL,0.04197,495.0,,,2025-03-25 11:34:51
2025-03-25 11:34:59,19193237,BUY,0.04198,177.0,,,2025-03-25 11:34:59
2025-03-25 11:34:59,19193238,BUY,0.04199,177.0,,,2025-03-25 11:34:59
2025-03-25 11:34:59,19193239,BUY,0.042,177.0,,,2025-03-25 11:34:59
2025-03-25 11:34:59,19193240,BUY,0.04201,13.0,,,2025-03-25 11:34:59
2025-03-25 11:34:59,19193237,BUY,0.04198,177.0,,,2025-03-25 11:34:59
2025-03-25 11:34:59,19193238,BUY,0.04199,177.0,,,2025-03-25 11:34:59
2025-03-25 11:34:59,19193239,BUY,0.042,177.0,,,2025-03-25 11:34:59
2025-03-25 11:34:59,19193240,BUY,0.04201,13.0,,,2025-03-25 11:34:59
2025-03-25 11:35:42,19193241,SELL,0.04192,483.0,,,2025-03-25 11:35:42
2025-03-25 11:35:42,19193241,SELL,0.04192,483.0,,,2025-03-25 11:35:42
2025-03-25 11:36:05,19193242,SELL,0.04192,528.0,,,2025-03-25 11:36:06
2025-03-25 11:36:05,19193242,SELL,0.04192,528.0,,,2025-03-25 11:36:06
2025-03-25 11:36:12,19193243,BUY,0.04197,322.0,,,2025-03-25 11:36:12
2025-03-25 11:36:12,19193243,BUY,0.04197,322.0,,,2025-03-25 11:36:12
2025-03-25 11:36:12,19193244,BUY,0.04197,313.0,,,2025-03-25 11:36:12
2025-03-25 11:36:12,19193244,BUY,0.04197,313.0,,,2025-03-25 11:36:12
2025-03-25 11:36:12,19193245,BUY,0.04198,195.0,,,2025-03-25 11:36:12
2025-03-25 11:36:12,19193245,BUY,0.04198,195.0,,,2025-03-25 11:36:12
2025-03-25 11:36:12,19193246,BUY,0.04199,119.0,,,2025-03-25 11:36:12
2025-03-25 11:36:12,19193246,BUY,0.04199,119.0,,,2025-03-25 11:36:12
2025-03-25 11:36:17,19193247,SELL,0.04195,554.0,,,2025-03-25 11:36:17
2025-03-25 11:36:17,19193247,SELL,0.04195,554.0,,,2025-03-25 11:36:17
2025-03-25 11:36:17,19193248,SELL,0.04194,554.0,,,2025-03-25 11:36:17
2025-03-25 11:36:17,19193248,SELL,0.04194,554.0,,,2025-03-25 11:36:17
2025-03-25 11:36:17,19193249,SELL,0.04193,554.0,,,2025-03-25 11:36:17
2025-03-25 11:36:17,19193249,SELL,0.04193,554.0,,,2025-03-25 11:36:17
2025-03-25 11:36:31,19193250,BUY,0.04197,520.0,,,2025-03-25 11:36:31
2025-03-25 11:36:31,19193250,BUY,0.04197,520.0,,,2025-03-25 11:36:31
2025-03-25 11:36:34,19193251,BUY,0.04197,284.0,,,2025-03-25 11:36:34
2025-03-25 11:36:34,19193251,BUY,0.04197,284.0,,,2025-03-25 11:36:34
2025-03-25 11:36:41,19193252,BUY,0.04197,189.0,,,2025-03-25 11:36:41
2025-03-25 11:36:41,19193252,BUY,0.04197,189.0,,,2025-03-25 11:36:41
2025-03-25 11:36:43,19193253,BUY,0.04197,165.0,,,2025-03-25 11:36:43
2025-03-25 11:36:43,19193253,BUY,0.04197,165.0,,,2025-03-25 11:36:43
2025-03-25 11:37:43,19193254,SELL,0.04194,736.0,,,2025-03-25 11:37:43
2025-03-25 11:37:43,19193254,SELL,0.04194,736.0,,,2025-03-25 11:37:43
2025-03-25 11:37:43,19193255,SELL,0.04192,3362.0,,,2025-03-25 11:37:43
2025-03-25 11:37:43,19193255,SELL,0.04192,3362.0,,,2025-03-25 11:37:43
2025-03-25 11:37:43,19193256,SELL,0.04192,7.0,,,2025-03-25 11:37:43
2025-03-25 11:37:43,19193256,SELL,0.04192,7.0,,,2025-03-25 11:37:43
2025-03-25 11:39:54,19193257,SELL,0.04184,177.0,,,2025-03-25 11:39:54
2025-03-25 11:39:54,19193257,SELL,0.04184,177.0,,,2025-03-25 11:39:54
2025-03-25 11:40:16,19193258,BUY,0.04188,177.0,,,2025-03-25 11:40:16
2025-03-25 11:40:16,19193258,BUY,0.04188,177.0,,,2025-03-25 11:40:16
2025-03-25 11:40:16,19193259,BUY,0.04189,171.0,,,2025-03-25 11:40:16
2025-03-25 11:40:16,19193259,BUY,0.04189,171.0,,,2025-03-25 11:40:16
2025-03-25 11:40:16,19193260,BUY,0.04189,206.0,,,2025-03-25 11:40:16
2025-03-25 11:40:16,19193260,BUY,0.04189,206.0,,,2025-03-25 11:40:16
2025-03-25 11:40:16,19193261,BUY,0.0419,171.0,,,2025-03-25 11:40:16
2025-03-25 11:40:16,19193261,BUY,0.0419,171.0,,,2025-03-25 11:40:16
2025-03-25 11:40:16,19193262,BUY,0.04191,631.0,,,2025-03-25 11:40:16
2025-03-25 11:40:16,19193263,BUY,0.04192,551.0,,,2025-03-25 11:40:16
2025-03-25 11:40:16,19193262,BUY,0.04191,631.0,,,2025-03-25 11:40:16
2025-03-25 11:40:16,19193263,BUY,0.04192,551.0,,,2025-03-25 11:40:16
2025-03-25 11:40:18,19193264,SELL,0.04186,221.0,,,2025-03-25 11:40:18
2025-03-25 11:40:18,19193264,SELL,0.04186,221.0,,,2025-03-25 11:40:18
2025-03-25 11:40:18,19193265,SELL,0.04185,221.0,,,2025-03-25 11:40:18
2025-03-25 11:40:18,19193265,SELL,0.04185,221.0,,,2025-03-25 11:40:18
2025-03-25 11:40:28,19193266,SELL,0.04183,201.0,,,2025-03-25 11:40:28
2025-03-25 11:40:28,19193267,SELL,0.04181,126.0,,,2025-03-25 11:40:28
2025-03-25 11:40:28,19193268,SELL,0.0418,263.0,,,2025-03-25 11:40:28
2025-03-25 11:40:28,19193269,SELL,0.0418,241.0,,,2025-03-25 11:40:28
2025-03-25 11:40:28,19193270,SELL,0.04179,273.0,,,2025-03-25 11:40:28
2025-03-25 11:40:28,19193266,SELL,0.04183,201.0,,,2025-03-25 11:40:28
2025-03-25 11:40:28,19193267,SELL,0.04181,126.0,,,2025-03-25 11:40:28
2025-03-25 11:40:28,19193268,SELL,0.0418,263.0,,,2025-03-25 11:40:28
2025-03-25 11:40:28,19193269,SELL,0.0418,241.0,,,2025-03-25 11:40:28
2025-03-25 11:40:28,19193270,SELL,0.04179,273.0,,,2025-03-25 11:40:28
2025-03-25 11:40:35,19193271,BUY,0.04185,173.0,,,2025-03-25 11:40:35
2025-03-25 11:40:35,19193271,BUY,0.04185,173.0,,,2025-03-25 11:40:35
2025-03-25 11:40:35,19193272,BUY,0.04186,65.0,,,2025-03-25 11:40:35
2025-03-25 11:40:35,19193272,BUY,0.04186,65.0,,,2025-03-25 11:40:35
2025-03-25 11:40:51,19193273,SELL,0.0418,151.0,,,2025-03-25 11:40:51
2025-03-25 11:40:51,19193274,SELL,0.0418,206.0,,,2025-03-25 11:40:51
2025-03-25 11:40:51,19193273,SELL,0.0418,151.0,,,2025-03-25 11:40:51
2025-03-25 11:40:51,19193275,SELL,0.04179,87.0,,,2025-03-25 11:40:51
2025-03-25 11:40:51,19193274,SELL,0.0418,206.0,,,2025-03-25 11:40:51
2025-03-25 11:40:51,19193275,SELL,0.04179,87.0,,,2025-03-25 11:40:51
2025-03-25 11:40:57,19193276,SELL,0.04179,206.0,,,2025-03-25 11:40:57
2025-03-25 11:40:57,19193276,SELL,0.04179,206.0,,,2025-03-25 11:40:57
2025-03-25 11:40:57,19193277,SELL,0.04178,282.0,,,2025-03-25 11:40:57
2025-03-25 11:40:57,19193277,SELL,0.04178,282.0,,,2025-03-25 11:40:57
2025-03-25 11:41:16,19193278,SELL,0.04178,22.0,,,2025-03-25 11:41:16
2025-03-25 11:41:16,19193278,SELL,0.04178,22.0,,,2025-03-25 11:41:16
2025-03-25 11:41:16,19193279,SELL,0.04178,131.0,,,2025-03-25 11:41:16
2025-03-25 11:41:16,19193279,SELL,0.04178,131.0,,,2025-03-25 11:41:16
2025-03-25 11:41:17,19193280,BUY,0.04183,170.0,,,2025-03-25 11:41:17
2025-03-25 11:41:17,19193280,BUY,0.04183,170.0,,,2025-03-25 11:41:17
2025-03-25 11:41:30,19193281,BUY,0.04184,173.0,,,2025-03-25 11:41:30
2025-03-25 11:41:30,19193281,BUY,0.04184,173.0,,,2025-03-25 11:41:30
2025-03-25 11:41:30,19193282,BUY,0.04185,29.0,,,2025-03-25 11:41:30
2025-03-25 11:41:30,19193282,BUY,0.04185,29.0,,,2025-03-25 11:41:30
2025-03-25 11:41:32,19193283,BUY,0.04185,144.0,,,2025-03-25 11:41:32
2025-03-25 11:41:32,19193284,BUY,0.04186,3.0,,,2025-03-25 11:41:32
2025-03-25 11:41:32,19193283,BUY,0.04185,144.0,,,2025-03-25 11:41:32
2025-03-25 11:41:32,19193284,BUY,0.04186,3.0,,,2025-03-25 11:41:32
2025-03-25 11:41:54,19193285,BUY,0.04186,106.0,,,2025-03-25 11:41:54
2025-03-25 11:41:54,19193286,BUY,0.04187,141.0,,,2025-03-25 11:41:54
2025-03-25 11:41:54,19193285,BUY,0.04186,106.0,,,2025-03-25 11:41:54
2025-03-25 11:41:54,19193286,BUY,0.04187,141.0,,,2025-03-25 11:41:54
2025-03-25 11:41:59,19193287,BUY,0.04187,35.0,,,2025-03-25 11:41:59
2025-03-25 11:41:59,19193288,BUY,0.04188,155.0,,,2025-03-25 11:41:59
2025-03-25 11:41:59,19193287,BUY,0.04187,35.0,,,2025-03-25 11:41:59
2025-03-25 11:41:59,19193288,BUY,0.04188,155.0,,,2025-03-25 11:41:59
2025-03-25 11:42:03,19193289,BUY,0.04188,21.0,,,2025-03-25 11:42:03
2025-03-25 11:42:03,19193289,BUY,0.04188,21.0,,,2025-03-25 11:42:03
2025-03-25 11:42:03,19193290,BUY,0.04189,175.0,,,2025-03-25 11:42:03
2025-03-25 11:42:03,19193290,BUY,0.04189,175.0,,,2025-03-25 11:42:03
2025-03-25 11:42:25,19193291,SELL,0.04185,148.0,,,2025-03-25 11:42:25
2025-03-25 11:42:25,19193291,SELL,0.04185,148.0,,,2025-03-25 11:42:25
2025-03-25 11:42:38,19193292,BUY,0.04187,120.0,,,2025-03-25 11:42:38
2025-03-25 11:42:38,19193292,BUY,0.04187,120.0,,,2025-03-25 11:42:38
2025-03-25 11:42:43,19193293,BUY,0.04188,148.0,,,2025-03-25 11:42:43
2025-03-25 11:42:43,19193293,BUY,0.04188,148.0,,,2025-03-25 11:42:43
2025-03-25 11:43:05,19193294,SELL,0.04184,139.0,,,2025-03-25 11:43:05
2025-03-25 11:43:05,19193294,SELL,0.04184,139.0,,,2025-03-25 11:43:05
2025-03-25 11:43:18,19193295,BUY,0.04187,148.0,,,2025-03-25 11:43:18
2025-03-25 11:43:18,19193295,BUY,0.04187,148.0,,,2025-03-25 11:43:18
2025-03-25 11:43:52,19193296,SELL,0.04184,178.0,,,2025-03-25 11:43:52
2025-03-25 11:43:52,19193296,SELL,0.04184,178.0,,,2025-03-25 11:43:52
2025-03-25 11:43:52,19193297,SELL,0.04183,178.0,,,2025-03-25 11:43:52
2025-03-25 11:43:52,19193297,SELL,0.04183,178.0,,,2025-03-25 11:43:52
2025-03-25 11:43:52,19193298,SELL,0.04182,178.0,,,2025-03-25 11:43:52
2025-03-25 11:43:52,19193298,SELL,0.04182,178.0,,,2025-03-25 11:43:52
2025-03-25 11:43:52,19193299,SELL,0.04181,176.0,,,2025-03-25 11:43:52
2025-03-25 11:43:52,19193299,SELL,0.04181,176.0,,,2025-03-25 11:43:52
2025-03-25 11:43:52,19193300,SELL,0.0418,126.0,,,2025-03-25 11:43:52
2025-03-25 11:43:52,19193300,SELL,0.0418,126.0,,,2025-03-25 11:43:52
2025-03-25 11:43:52,19193301,SELL,0.04179,176.0,,,2025-03-25 11:43:52
2025-03-25 11:43:52,19193301,SELL,0.04179,176.0,,,2025-03-25 11:43:52
2025-03-25 11:43:52,19193302,SELL,0.04179,93.0,,,2025-03-25 11:43:52
2025-03-25 11:43:52,19193302,SELL,0.04179,93.0,,,2025-03-25 11:43:52
2025-03-25 11:43:54,19193303,BUY,0.04186,178.0,,,2025-03-25 11:43:54
2025-03-25 11:43:54,19193304,BUY,0.04187,178.0,,,2025-03-25 11:43:54
2025-03-25 11:43:54,19193303,BUY,0.04186,178.0,,,2025-03-25 11:43:54
2025-03-25 11:43:54,19193304,BUY,0.04187,178.0,,,2025-03-25 11:43:54
2025-03-25 11:43:54,19193305,SELL,0.04187,2781.0,,,2025-03-25 11:43:54
2025-03-25 11:43:54,19193305,SELL,0.04187,2781.0,,,2025-03-25 11:43:54
2025-03-25 11:43:54,19193306,SELL,0.04187,1460.0,,,2025-03-25 11:43:54
2025-03-25 11:43:54,19193306,SELL,0.04187,1460.0,,,2025-03-25 11:43:54
2025-03-25 11:43:56,19193307,BUY,0.04187,159.0,,,2025-03-25 11:43:56
2025-03-25 11:43:56,19193307,BUY,0.04187,159.0,,,2025-03-25 11:43:56
2025-03-25 11:45:09,19193308,SELL,0.04182,363.0,,,2025-03-25 11:45:09
2025-03-25 11:45:09,19193308,SELL,0.04182,363.0,,,2025-03-25 11:45:09
2025-03-25 11:45:09,19193309,SELL,0.04181,140.0,,,2025-03-25 11:45:09
2025-03-25 11:45:09,19193310,SELL,0.04179,510.0,,,2025-03-25 11:45:09
2025-03-25 11:45:09,19193309,SELL,0.04181,140.0,,,2025-03-25 11:45:09
2025-03-25 11:45:09,19193310,SELL,0.04179,510.0,,,2025-03-25 11:45:09
2025-03-25 11:46:04,19193311,SELL,0.04179,206.0,,,2025-03-25 11:46:04
2025-03-25 11:46:04,19193311,SELL,0.04179,206.0,,,2025-03-25 11:46:04
2025-03-25 11:46:04,19193312,SELL,0.04179,131.0,,,2025-03-25 11:46:04
2025-03-25 11:46:04,19193312,SELL,0.04179,131.0,,,2025-03-25 11:46:04
2025-03-25 11:46:04,19193313,SELL,0.04178,2192.0,,,2025-03-25 11:46:04
2025-03-25 11:46:04,19193313,SELL,0.04178,2192.0,,,2025-03-25 11:46:04
2025-03-25 11:46:04,19193314,SELL,0.04175,178.0,,,2025-03-25 11:46:04
2025-03-25 11:46:04,19193315,SELL,0.04174,1588.0,,,2025-03-25 11:46:04
2025-03-25 11:46:04,19193316,SELL,0.04173,174.0,,,2025-03-25 11:46:04
2025-03-25 11:46:04,19193317,SELL,0.04173,1000.0,,,2025-03-25 11:46:04
2025-03-25 11:46:04,19193318,SELL,0.04172,174.0,,,2025-03-25 11:46:04
2025-03-25 11:46:04,19193319,SELL,0.04171,695.0,,,2025-03-25 11:46:04
2025-03-25 11:46:04,19193314,SELL,0.04175,178.0,,,2025-03-25 11:46:04
2025-03-25 11:46:04,19193315,SELL,0.04174,1588.0,,,2025-03-25 11:46:04
2025-03-25 11:46:04,19193316,SELL,0.04173,174.0,,,2025-03-25 11:46:04
2025-03-25 11:46:04,19193317,SELL,0.04173,1000.0,,,2025-03-25 11:46:04
2025-03-25 11:46:04,19193318,SELL,0.04172,174.0,,,2025-03-25 11:46:04
2025-03-25 11:46:04,19193319,SELL,0.04171,695.0,,,2025-03-25 11:46:04
2025-03-25 11:46:04,19193320,BUY,0.04176,392.0,,,2025-03-25 11:46:04
2025-03-25 11:46:04,19193320,BUY,0.04176,392.0,,,2025-03-25 11:46:04
2025-03-25 11:46:04,19193321,BUY,0.04177,178.0,,,2025-03-25 11:46:04
2025-03-25 11:46:04,19193321,BUY,0.04177,178.0,,,2025-03-25 11:46:04
2025-03-25 11:46:04,19193322,BUY,0.04178,178.0,,,2025-03-25 11:46:04
2025-03-25 11:46:04,19193322,BUY,0.04178,178.0,,,2025-03-25 11:46:04
2025-03-25 11:46:04,19193323,BUY,0.04179,178.0,,,2025-03-25 11:46:04
2025-03-25 11:46:04,19193324,BUY,0.0418,178.0,,,2025-03-25 11:46:04
2025-03-25 11:46:04,19193323,BUY,0.04179,178.0,,,2025-03-25 11:46:04
2025-03-25 11:46:04,19193324,BUY,0.0418,178.0,,,2025-03-25 11:46:04
2025-03-25 11:46:08,19193325,SELL,0.04176,200.0,,,2025-03-25 11:46:08
2025-03-25 11:46:08,19193325,SELL,0.04176,200.0,,,2025-03-25 11:46:08
2025-03-25 11:46:46,19193326,SELL,0.04176,192.0,,,2025-03-25 11:46:46
2025-03-25 11:46:46,19193327,SELL,0.04174,126.0,,,2025-03-25 11:46:46
2025-03-25 11:46:46,19193328,SELL,0.04174,162.0,,,2025-03-25 11:46:46
2025-03-25 11:46:46,19193326,SELL,0.04176,192.0,,,2025-03-25 11:46:46
2025-03-25 11:46:46,19193327,SELL,0.04174,126.0,,,2025-03-25 11:46:46
2025-03-25 11:46:46,19193328,SELL,0.04174,162.0,,,2025-03-25 11:46:46
2025-03-25 11:47:19,19193329,BUY,0.04178,392.0,,,2025-03-25 11:47:19
2025-03-25 11:47:19,19193329,BUY,0.04178,392.0,,,2025-03-25 11:47:19
2025-03-25 11:47:19,19193330,BUY,0.04178,38.0,,,2025-03-25 11:47:19
2025-03-25 11:47:19,19193330,BUY,0.04178,38.0,,,2025-03-25 11:47:19
2025-03-25 11:47:25,19193331,BUY,0.04179,171.0,,,2025-03-25 11:47:25
2025-03-25 11:47:25,19193331,BUY,0.04179,171.0,,,2025-03-25 11:47:25
2025-03-25 11:47:25,19193332,BUY,0.0418,66.0,,,2025-03-25 11:47:25
2025-03-25 11:47:25,19193332,BUY,0.0418,66.0,,,2025-03-25 11:47:25
2025-03-25 11:47:42,19193333,BUY,0.04181,144.0,,,2025-03-25 11:47:42
2025-03-25 11:47:42,19193333,BUY,0.04181,144.0,,,2025-03-25 11:47:42
2025-03-25 11:47:52,19193334,BUY,0.04179,206.0,,,2025-03-25 11:47:52
2025-03-25 11:47:52,19193334,BUY,0.04179,206.0,,,2025-03-25 11:47:52
2025-03-25 11:47:52,19193335,BUY,0.0418,95.0,,,2025-03-25 11:47:52
2025-03-25 11:47:52,19193335,BUY,0.0418,95.0,,,2025-03-25 11:47:52
2025-03-25 11:48:31,19193336,SELL,0.04176,124.0,,,2025-03-25 11:48:31
2025-03-25 11:48:31,19193336,SELL,0.04176,124.0,,,2025-03-25 11:48:31
2025-03-25 11:49:05,19193337,SELL,0.04175,173.0,,,2025-03-25 11:49:05
2025-03-25 11:49:05,19193337,SELL,0.04175,173.0,,,2025-03-25 11:49:05
2025-03-25 11:49:05,19193338,SELL,0.04174,138.0,,,2025-03-25 11:49:05
2025-03-25 11:49:05,19193338,SELL,0.04174,138.0,,,2025-03-25 11:49:05
2025-03-25 11:49:05,19193339,SELL,0.04173,59.0,,,2025-03-25 11:49:05
2025-03-25 11:49:05,19193339,SELL,0.04173,59.0,,,2025-03-25 11:49:05
2025-03-25 11:50:58,19193340,SELL,0.04172,287.0,,,2025-03-25 11:50:58
2025-03-25 11:50:58,19193340,SELL,0.04172,287.0,,,2025-03-25 11:50:58
2025-03-25 11:51:03,19193341,BUY,0.04175,308.0,,,2025-03-25 11:51:03
2025-03-25 11:51:03,19193341,BUY,0.04175,308.0,,,2025-03-25 11:51:03
2025-03-25 11:51:03,19193342,BUY,0.04176,63.0,,,2025-03-25 11:51:03
2025-03-25 11:51:03,19193342,BUY,0.04176,63.0,,,2025-03-25 11:51:03
2025-03-25 11:51:13,19193343,SELL,0.04171,368.0,,,2025-03-25 11:51:13
2025-03-25 11:51:13,19193343,SELL,0.04171,368.0,,,2025-03-25 11:51:13
2025-03-25 11:51:22,19193344,SELL,0.04171,14.0,,,2025-03-25 11:51:22
2025-03-25 11:51:22,19193345,SELL,0.0417,263.0,,,2025-03-25 11:51:22
2025-03-25 11:51:22,19193346,SELL,0.0417,384.0,,,2025-03-25 11:51:22
2025-03-25 11:51:22,19193347,SELL,0.0417,186.0,,,2025-03-25 11:51:22
2025-03-25 11:51:22,19193348,SELL,0.04169,382.0,,,2025-03-25 11:51:22
2025-03-25 11:51:22,19193349,SELL,0.04169,842.0,,,2025-03-25 11:51:22
2025-03-25 11:51:22,19193344,SELL,0.04171,14.0,,,2025-03-25 11:51:22
2025-03-25 11:51:22,19193350,SELL,0.04168,751.0,,,2025-03-25 11:51:22
2025-03-25 11:51:22,19193345,SELL,0.0417,263.0,,,2025-03-25 11:51:22
2025-03-25 11:51:22,19193346,SELL,0.0417,384.0,,,2025-03-25 11:51:22
2025-03-25 11:51:22,19193347,SELL,0.0417,186.0,,,2025-03-25 11:51:22
2025-03-25 11:51:22,19193348,SELL,0.04169,382.0,,,2025-03-25 11:51:22
2025-03-25 11:51:22,19193349,SELL,0.04169,842.0,,,2025-03-25 11:51:22
2025-03-25 11:51:22,19193350,SELL,0.04168,751.0,,,2025-03-25 11:51:22
2025-03-25 11:51:24,19193351,SELL,0.04169,247.0,,,2025-03-25 11:51:24
2025-03-25 11:51:24,19193352,SELL,0.04168,713.0,,,2025-03-25 11:51:24
2025-03-25 11:51:24,19193351,SELL,0.04169,247.0,,,2025-03-25 11:51:24
2025-03-25 11:51:24,19193352,SELL,0.04168,713.0,,,2025-03-25 11:51:24
2025-03-25 11:51:27,19193353,BUY,0.04173,123.0,,,2025-03-25 11:51:28
2025-03-25 11:51:27,19193353,BUY,0.04173,123.0,,,2025-03-25 11:51:28
2025-03-25 11:51:27,19193354,BUY,0.04173,327.0,,,2025-03-25 11:51:28
2025-03-25 11:51:27,19193354,BUY,0.04173,327.0,,,2025-03-25 11:51:28
2025-03-25 11:51:27,19193355,BUY,0.04174,425.0,,,2025-03-25 11:51:28
2025-03-25 11:51:27,19193355,BUY,0.04174,425.0,,,2025-03-25 11:51:28
2025-03-25 11:51:27,19193356,BUY,0.04175,425.0,,,2025-03-25 11:51:28
2025-03-25 11:51:27,19193356,BUY,0.04175,425.0,,,2025-03-25 11:51:28
2025-03-25 11:52:16,19193357,BUY,0.04176,186.0,,,2025-03-25 11:52:16
2025-03-25 11:52:16,19193357,BUY,0.04176,186.0,,,2025-03-25 11:52:16
2025-03-25 11:52:22,19193358,BUY,0.04176,59.0,,,2025-03-25 11:52:22
2025-03-25 11:52:22,19193358,BUY,0.04176,59.0,,,2025-03-25 11:52:22
2025-03-25 11:52:22,19193359,BUY,0.04177,196.0,,,2025-03-25 11:52:22
2025-03-25 11:52:22,19193359,BUY,0.04177,196.0,,,2025-03-25 11:52:22
2025-03-25 11:53:03,19193360,BUY,0.04178,127.0,,,2025-03-25 11:53:03
2025-03-25 11:53:03,19193360,BUY,0.04178,127.0,,,2025-03-25 11:53:03
2025-03-25 11:53:51,19193361,SELL,0.04173,162.0,,,2025-03-25 11:53:51
2025-03-25 11:53:51,19193361,SELL,0.04173,162.0,,,2025-03-25 11:53:51
2025-03-25 11:54:45,19193362,BUY,0.04176,176.0,,,2025-03-25 11:54:45
2025-03-25 11:54:45,19193362,BUY,0.04176,176.0,,,2025-03-25 11:54:45
2025-03-25 11:54:46,19193363,BUY,0.04176,103.0,,,2025-03-25 11:54:46
2025-03-25 11:54:46,19193363,BUY,0.04176,103.0,,,2025-03-25 11:54:46
2025-03-25 11:54:46,19193364,BUY,0.04177,279.0,,,2025-03-25 11:54:46
2025-03-25 11:54:46,19193364,BUY,0.04177,279.0,,,2025-03-25 11:54:46
2025-03-25 11:54:46,19193365,BUY,0.04178,90.0,,,2025-03-25 11:54:46
2025-03-25 11:54:46,19193365,BUY,0.04178,90.0,,,2025-03-25 11:54:46
2025-03-25 11:54:46,19193366,BUY,0.04178,340.0,,,2025-03-25 11:54:46
2025-03-25 11:54:46,19193366,BUY,0.04178,340.0,,,2025-03-25 11:54:46
2025-03-25 11:55:14,19193367,SELL,0.04173,221.0,,,2025-03-25 11:55:14
2025-03-25 11:55:14,19193367,SELL,0.04173,221.0,,,2025-03-25 11:55:14
2025-03-25 11:56:18,19193368,SELL,0.04169,271.0,,,2025-03-25 11:56:18
2025-03-25 11:56:18,19193368,SELL,0.04169,271.0,,,2025-03-25 11:56:18
2025-03-25 11:56:41,19193369,BUY,0.04173,128.0,,,2025-03-25 11:56:41
2025-03-25 11:56:41,19193369,BUY,0.04173,128.0,,,2025-03-25 11:56:41
2025-03-25 11:57:08,19193370,BUY,0.04173,250.0,,,2025-03-25 11:57:08
2025-03-25 11:57:08,19193370,BUY,0.04173,250.0,,,2025-03-25 11:57:08
2025-03-25 11:57:33,19193371,BUY,0.04173,210.0,,,2025-03-25 11:57:33
2025-03-25 11:57:33,19193371,BUY,0.04173,210.0,,,2025-03-25 11:57:33
2025-03-25 11:58:04,19193372,BUY,0.04173,205.0,,,2025-03-25 11:58:04
2025-03-25 11:58:04,19193372,BUY,0.04173,205.0,,,2025-03-25 11:58:04
2025-03-25 11:58:12,19193373,BUY,0.04173,286.0,,,2025-03-25 11:58:12
2025-03-25 11:58:12,19193373,BUY,0.04173,286.0,,,2025-03-25 11:58:12
2025-03-25 11:58:12,19193374,BUY,0.04174,1079.0,,,2025-03-25 11:58:12
2025-03-25 11:58:12,19193374,BUY,0.04174,1079.0,,,2025-03-25 11:58:12
2025-03-25 11:58:12,19193375,BUY,0.04175,245.0,,,2025-03-25 11:58:12
2025-03-25 11:58:12,19193376,BUY,0.04175,559.0,,,2025-03-25 11:58:12
2025-03-25 11:58:12,19193375,BUY,0.04175,245.0,,,2025-03-25 11:58:12
2025-03-25 11:58:12,19193376,BUY,0.04175,559.0,,,2025-03-25 11:58:12
2025-03-25 11:58:12,19193377,BUY,0.04176,245.0,,,2025-03-25 11:58:12
2025-03-25 11:58:12,19193377,BUY,0.04176,245.0,,,2025-03-25 11:58:12
2025-03-25 11:58:12,19193378,BUY,0.04176,559.0,,,2025-03-25 11:58:12
2025-03-25 11:58:12,19193378,BUY,0.04176,559.0,,,2025-03-25 11:58:12
2025-03-25 11:58:12,19193379,BUY,0.04176,2181.0,,,2025-03-25 11:58:12
2025-03-25 11:58:12,19193379,BUY,0.04176,2181.0,,,2025-03-25 11:58:12
2025-03-25 11:58:12,19193380,BUY,0.04177,504.0,,,2025-03-25 11:58:12
2025-03-25 11:58:12,19193380,BUY,0.04177,504.0,,,2025-03-25 11:58:12
2025-03-25 11:58:12,19193381,BUY,0.04178,84.0,,,2025-03-25 11:58:12
2025-03-25 11:58:12,19193381,BUY,0.04178,84.0,,,2025-03-25 11:58:12
2025-03-25 11:58:52,19193382,SELL,0.04175,181.0,,,2025-03-25 11:58:52
2025-03-25 11:58:52,19193382,SELL,0.04175,181.0,,,2025-03-25 11:58:52
2025-03-25 11:59:14,19193383,SELL,0.04175,908.0,,,2025-03-25 11:59:14
2025-03-25 11:59:14,19193383,SELL,0.04175,908.0,,,2025-03-25 11:59:14
2025-03-25 11:59:14,19193384,SELL,0.04175,300.0,,,2025-03-25 11:59:14
2025-03-25 11:59:14,19193384,SELL,0.04175,300.0,,,2025-03-25 11:59:14
2025-03-25 11:59:26,19193385,BUY,0.04178,511.0,,,2025-03-25 11:59:26
2025-03-25 11:59:26,19193385,BUY,0.04178,511.0,,,2025-03-25 11:59:26
2025-03-25 11:59:26,19193386,BUY,0.04179,953.0,,,2025-03-25 11:59:26
2025-03-25 11:59:26,19193386,BUY,0.04179,953.0,,,2025-03-25 11:59:26
2025-03-25 11:59:26,19193387,BUY,0.04179,717.0,,,2025-03-25 11:59:26
2025-03-25 11:59:26,19193388,BUY,0.0418,178.0,,,2025-03-25 11:59:26
2025-03-25 11:59:26,19193389,BUY,0.0418,601.0,,,2025-03-25 11:59:26
2025-03-25 11:59:26,19193387,BUY,0.04179,717.0,,,2025-03-25 11:59:26
2025-03-25 11:59:26,19193388,BUY,0.0418,178.0,,,2025-03-25 11:59:26
2025-03-25 11:59:26,19193389,BUY,0.0418,601.0,,,2025-03-25 11:59:26
2025-03-25 11:59:26,19193390,BUY,0.0418,1832.0,,,2025-03-25 11:59:26
2025-03-25 11:59:26,19193390,BUY,0.0418,1832.0,,,2025-03-25 11:59:26
2025-03-25 11:59:27,19193391,BUY,0.0418,646.0,,,2025-03-25 11:59:27
2025-03-25 11:59:27,19193391,BUY,0.0418,646.0,,,2025-03-25 11:59:27
2025-03-25 11:59:27,19193392,BUY,0.04181,34.0,,,2025-03-25 11:59:27
2025-03-25 11:59:27,19193392,BUY,0.04181,34.0,,,2025-03-25 11:59:27
2025-03-25 11:59:27,19193393,BUY,0.04181,144.0,,,2025-03-25 11:59:27
2025-03-25 11:59:27,19193393,BUY,0.04181,144.0,,,2025-03-25 11:59:27
2025-03-25 11:59:27,19193394,BUY,0.04181,574.0,,,2025-03-25 11:59:27
2025-03-25 11:59:27,19193394,BUY,0.04181,574.0,,,2025-03-25 11:59:27
2025-03-25 11:59:27,19193395,BUY,0.04182,178.0,,,2025-03-25 11:59:27
2025-03-25 11:59:27,19193395,BUY,0.04182,178.0,,,2025-03-25 11:59:27
2025-03-25 11:59:27,19193396,BUY,0.04182,3216.0,,,2025-03-25 11:59:27
2025-03-25 11:59:27,19193396,BUY,0.04182,3216.0,,,2025-03-25 11:59:27
2025-03-25 11:59:28,19193397,BUY,0.04183,2757.0,,,2025-03-25 11:59:29
2025-03-25 11:59:28,19193397,BUY,0.04183,2757.0,,,2025-03-25 11:59:29
2025-03-25 11:59:39,19193398,SELL,0.04181,613.0,,,2025-03-25 11:59:39
2025-03-25 11:59:39,19193398,SELL,0.04181,613.0,,,2025-03-25 11:59:39
2025-03-25 11:59:39,19193399,SELL,0.04179,621.0,,,2025-03-25 11:59:39
2025-03-25 11:59:39,19193399,SELL,0.04179,621.0,,,2025-03-25 11:59:39
2025-03-25 11:59:39,19193400,SELL,0.04179,48.0,,,2025-03-25 11:59:39
2025-03-25 11:59:39,19193400,SELL,0.04179,48.0,,,2025-03-25 11:59:39
2025-03-25 11:59:48,19193401,BUY,0.04184,257.0,,,2025-03-25 11:59:49
2025-03-25 11:59:49,19193401,BUY,0.04184,257.0,,,2025-03-25 11:59:49
2025-03-25 12:00:04,19193402,BUY,0.04186,226.0,,,2025-03-25 12:00:05
2025-03-25 12:00:04,19193403,BUY,0.04186,20.0,,,2025-03-25 12:00:05
2025-03-25 12:00:04,19193402,BUY,0.04186,226.0,,,2025-03-25 12:00:05
2025-03-25 12:00:04,19193403,BUY,0.04186,20.0,,,2025-03-25 12:00:05
2025-03-25 12:00:05,19193404,BUY,0.04186,206.0,,,2025-03-25 12:00:05
2025-03-25 12:00:05,19193405,BUY,0.04186,74.0,,,2025-03-25 12:00:05
2025-03-25 12:00:05,19193404,BUY,0.04186,206.0,,,2025-03-25 12:00:05
2025-03-25 12:00:05,19193405,BUY,0.04186,74.0,,,2025-03-25 12:00:05
2025-03-25 12:00:21,19193406,SELL,0.04182,183.0,,,2025-03-25 12:00:21
2025-03-25 12:00:21,19193406,SELL,0.04182,183.0,,,2025-03-25 12:00:21
2025-03-25 12:00:21,19193407,SELL,0.04182,169.0,,,2025-03-25 12:00:21
2025-03-25 12:00:21,19193408,SELL,0.04181,352.0,,,2025-03-25 12:00:21
2025-03-25 12:00:21,19193407,SELL,0.04182,169.0,,,2025-03-25 12:00:21
2025-03-25 12:00:21,19193409,SELL,0.0418,555.0,,,2025-03-25 12:00:21
2025-03-25 12:00:21,19193408,SELL,0.04181,352.0,,,2025-03-25 12:00:21
2025-03-25 12:00:21,19193410,SELL,0.04179,352.0,,,2025-03-25 12:00:21
2025-03-25 12:00:21,19193409,SELL,0.0418,555.0,,,2025-03-25 12:00:21
2025-03-25 12:00:21,19193411,SELL,0.04179,916.0,,,2025-03-25 12:00:21
2025-03-25 12:00:21,19193410,SELL,0.04179,352.0,,,2025-03-25 12:00:21
2025-03-25 12:00:21,19193411,SELL,0.04179,916.0,,,2025-03-25 12:00:21
2025-03-25 12:00:21,19193412,SELL,0.04179,1076.0,,,2025-03-25 12:00:21
2025-03-25 12:00:21,19193412,SELL,0.04179,1076.0,,,2025-03-25 12:00:21
2025-03-25 12:00:21,19193413,SELL,0.04178,621.0,,,2025-03-25 12:00:21
2025-03-25 12:00:21,19193413,SELL,0.04178,621.0,,,2025-03-25 12:00:21
2025-03-25 12:00:21,19193414,SELL,0.04177,621.0,,,2025-03-25 12:00:21
2025-03-25 12:00:21,19193414,SELL,0.04177,621.0,,,2025-03-25 12:00:21
2025-03-25 12:00:21,19193415,SELL,0.04176,626.0,,,2025-03-25 12:00:21
2025-03-25 12:00:21,19193416,SELL,0.04175,626.0,,,2025-03-25 12:00:21
2025-03-25 12:00:21,19193415,SELL,0.04176,626.0,,,2025-03-25 12:00:21
2025-03-25 12:00:21,19193416,SELL,0.04175,626.0,,,2025-03-25 12:00:21
2025-03-25 12:00:27,19193417,SELL,0.04174,154.0,,,2025-03-25 12:00:27
2025-03-25 12:00:27,19193417,SELL,0.04174,154.0,,,2025-03-25 12:00:27
2025-03-25 12:00:28,19193418,BUY,0.04178,148.0,,,2025-03-25 12:00:28
2025-03-25 12:00:28,19193418,BUY,0.04178,148.0,,,2025-03-25 12:00:28
2025-03-25 12:00:53,19193419,BUY,0.04178,266.0,,,2025-03-25 12:00:53
2025-03-25 12:00:53,19193419,BUY,0.04178,266.0,,,2025-03-25 12:00:53
2025-03-25 12:00:53,19193420,BUY,0.04179,200.0,,,2025-03-25 12:00:53
2025-03-25 12:00:53,19193420,BUY,0.04179,200.0,,,2025-03-25 12:00:53
2025-03-25 12:00:55,19193421,SELL,0.04176,223.0,,,2025-03-25 12:00:56
2025-03-25 12:00:55,19193421,SELL,0.04176,223.0,,,2025-03-25 12:00:56
2025-03-25 12:00:55,19193422,SELL,0.04175,24.0,,,2025-03-25 12:00:56
2025-03-25 12:00:55,19193422,SELL,0.04175,24.0,,,2025-03-25 12:00:56
2025-03-25 12:01:06,19193423,SELL,0.04175,125.0,,,2025-03-25 12:01:06
2025-03-25 12:01:06,19193423,SELL,0.04175,125.0,,,2025-03-25 12:01:06
2025-03-25 12:01:06,19193424,SELL,0.04174,919.0,,,2025-03-25 12:01:06
2025-03-25 12:01:06,19193424,SELL,0.04174,919.0,,,2025-03-25 12:01:06
2025-03-25 12:01:06,19193425,SELL,0.04173,422.0,,,2025-03-25 12:01:06
2025-03-25 12:01:06,19193425,SELL,0.04173,422.0,,,2025-03-25 12:01:06
2025-03-25 12:01:11,19193426,SELL,0.04172,393.0,,,2025-03-25 12:01:11
2025-03-25 12:01:11,19193426,SELL,0.04172,393.0,,,2025-03-25 12:01:11
2025-03-25 12:01:11,19193427,SELL,0.04171,694.0,,,2025-03-25 12:01:11
2025-03-25 12:01:11,19193427,SELL,0.04171,694.0,,,2025-03-25 12:01:11
2025-03-25 12:01:17,19193428,BUY,0.04175,215.0,,,2025-03-25 12:01:18
2025-03-25 12:01:17,19193428,BUY,0.04175,215.0,,,2025-03-25 12:01:18
2025-03-25 12:01:17,19193429,BUY,0.04176,7.0,,,2025-03-25 12:01:18
2025-03-25 12:01:17,19193429,BUY,0.04176,7.0,,,2025-03-25 12:01:18
2025-03-25 12:01:19,19193430,BUY,0.04176,147.0,,,2025-03-25 12:01:19
2025-03-25 12:01:19,19193430,BUY,0.04176,147.0,,,2025-03-25 12:01:19
2025-03-25 12:01:26,19193431,SELL,0.04172,327.0,,,2025-03-25 12:01:26
2025-03-25 12:01:26,19193431,SELL,0.04172,327.0,,,2025-03-25 12:01:26
2025-03-25 12:01:26,19193432,SELL,0.04171,15.0,,,2025-03-25 12:01:26
2025-03-25 12:01:26,19193432,SELL,0.04171,15.0,,,2025-03-25 12:01:26
2025-03-25 12:01:35,19193433,BUY,0.04174,121.0,,,2025-03-25 12:01:36
2025-03-25 12:01:35,19193433,BUY,0.04174,121.0,,,2025-03-25 12:01:36
2025-03-25 12:01:45,19193434,BUY,0.04174,192.0,,,2025-03-25 12:01:45
2025-03-25 12:01:45,19193434,BUY,0.04174,192.0,,,2025-03-25 12:01:45
2025-03-25 12:01:45,19193435,BUY,0.04174,201.0,,,2025-03-25 12:01:45
2025-03-25 12:01:45,19193435,BUY,0.04174,201.0,,,2025-03-25 12:01:45
2025-03-25 12:01:47,19193436,SELL,0.0417,209.0,,,2025-03-25 12:01:47
2025-03-25 12:01:47,19193436,SELL,0.0417,209.0,,,2025-03-25 12:01:47
2025-03-25 12:01:47,19193437,SELL,0.04169,209.0,,,2025-03-25 12:01:47
2025-03-25 12:01:47,19193437,SELL,0.04169,209.0,,,2025-03-25 12:01:47
2025-03-25 12:01:47,19193438,SELL,0.04169,86.0,,,2025-03-25 12:01:47
2025-03-25 12:01:47,19193438,SELL,0.04169,86.0,,,2025-03-25 12:01:47
2025-03-25 12:01:52,19193439,BUY,0.04173,345.0,,,2025-03-25 12:01:52
2025-03-25 12:01:52,19193439,BUY,0.04173,345.0,,,2025-03-25 12:01:52
2025-03-25 12:02:50,19193440,BUY,0.04174,513.0,,,2025-03-25 12:02:50
2025-03-25 12:02:50,19193440,BUY,0.04174,513.0,,,2025-03-25 12:02:50
2025-03-25 12:02:58,19193441,BUY,0.04174,72.0,,,2025-03-25 12:02:59
2025-03-25 12:02:58,19193442,BUY,0.04174,107.0,,,2025-03-25 12:02:59
2025-03-25 12:02:58,19193441,BUY,0.04174,72.0,,,2025-03-25 12:02:59
2025-03-25 12:02:58,19193442,BUY,0.04174,107.0,,,2025-03-25 12:02:59
2025-03-25 12:03:41,19193443,BUY,0.04174,121.0,,,2025-03-25 12:03:41
2025-03-25 12:03:41,19193443,BUY,0.04174,121.0,,,2025-03-25 12:03:41
2025-03-25 12:03:46,19193444,BUY,0.04174,248.0,,,2025-03-25 12:03:46
2025-03-25 12:03:46,19193444,BUY,0.04174,248.0,,,2025-03-25 12:03:46
2025-03-25 12:04:02,19193445,BUY,0.04175,313.0,,,2025-03-25 12:04:02
2025-03-25 12:04:02,19193446,BUY,0.04175,791.0,,,2025-03-25 12:04:02
2025-03-25 12:04:02,19193447,BUY,0.04176,61.0,,,2025-03-25 12:04:02
2025-03-25 12:04:02,19193448,BUY,0.04176,255.0,,,2025-03-25 12:04:02
2025-03-25 12:04:02,19193449,BUY,0.04176,62.0,,,2025-03-25 12:04:02
2025-03-25 12:04:02,19193445,BUY,0.04175,313.0,,,2025-03-25 12:04:02
2025-03-25 12:04:02,19193446,BUY,0.04175,791.0,,,2025-03-25 12:04:02
2025-03-25 12:04:02,19193447,BUY,0.04176,61.0,,,2025-03-25 12:04:02
2025-03-25 12:04:02,19193448,BUY,0.04176,255.0,,,2025-03-25 12:04:02
2025-03-25 12:04:02,19193449,BUY,0.04176,62.0,,,2025-03-25 12:04:02
2025-03-25 12:04:38,19193450,BUY,0.04175,12403.0,,,2025-03-25 12:04:38
2025-03-25 12:04:38,19193450,BUY,0.04175,12403.0,,,2025-03-25 12:04:38
2025-03-25 12:04:38,19193451,BUY,0.04177,186.0,,,2025-03-25 12:04:38
2025-03-25 12:04:38,19193451,BUY,0.04177,186.0,,,2025-03-25 12:04:38
2025-03-25 12:04:38,19193452,BUY,0.04177,126.0,,,2025-03-25 12:04:38
2025-03-25 12:04:38,19193452,BUY,0.04177,126.0,,,2025-03-25 12:04:38
2025-03-25 12:04:38,19193453,BUY,0.04177,579.0,,,2025-03-25 12:04:38
2025-03-25 12:04:38,19193453,BUY,0.04177,579.0,,,2025-03-25 12:04:38
2025-03-25 12:04:52,19193454,SELL,0.04179,238.0,,,2025-03-25 12:04:52
2025-03-25 12:04:52,19193454,SELL,0.04179,238.0,,,2025-03-25 12:04:52
2025-03-25 12:04:52,19193455,SELL,0.04177,447.0,,,2025-03-25 12:04:52
2025-03-25 12:04:52,19193455,SELL,0.04177,447.0,,,2025-03-25 12:04:52
2025-03-25 12:04:52,19193456,SELL,0.04176,275.0,,,2025-03-25 12:04:52
2025-03-25 12:04:52,19193456,SELL,0.04176,275.0,,,2025-03-25 12:04:52
2025-03-25 12:04:52,19193457,BUY,0.04176,306.0,,,2025-03-25 12:04:52
2025-03-25 12:04:52,19193457,BUY,0.04176,306.0,,,2025-03-25 12:04:52
2025-03-25 12:04:57,19193458,SELL,0.04175,447.0,,,2025-03-25 12:04:57
2025-03-25 12:04:57,19193458,SELL,0.04175,447.0,,,2025-03-25 12:04:57
2025-03-25 12:04:57,19193459,SELL,0.04174,23.0,,,2025-03-25 12:04:57
2025-03-25 12:04:57,19193459,SELL,0.04174,23.0,,,2025-03-25 12:04:57
2025-03-25 12:05:44,19193460,BUY,0.04177,319.0,,,2025-03-25 12:05:44
2025-03-25 12:05:44,19193460,BUY,0.04177,319.0,,,2025-03-25 12:05:44
2025-03-25 12:05:56,19193461,BUY,0.04179,139.0,,,2025-03-25 12:05:56
2025-03-25 12:05:56,19193461,BUY,0.04179,139.0,,,2025-03-25 12:05:56
2025-03-25 12:06:33,19193462,BUY,0.04179,93.0,,,2025-03-25 12:06:33
2025-03-25 12:06:33,19193462,BUY,0.04179,93.0,,,2025-03-25 12:06:33
2025-03-25 12:06:42,19193463,BUY,0.04181,163.0,,,2025-03-25 12:06:42
2025-03-25 12:06:42,19193463,BUY,0.04181,163.0,,,2025-03-25 12:06:42
2025-03-25 12:07:23,19193464,BUY,0.04181,54.0,,,2025-03-25 12:07:23
2025-03-25 12:07:23,19193464,BUY,0.04181,54.0,,,2025-03-25 12:07:23
2025-03-25 12:07:23,19193465,BUY,0.04182,414.0,,,2025-03-25 12:07:23
2025-03-25 12:07:23,19193466,BUY,0.04183,414.0,,,2025-03-25 12:07:23
2025-03-25 12:07:23,19193467,BUY,0.04183,1999.0,,,2025-03-25 12:07:23
2025-03-25 12:07:23,19193465,BUY,0.04182,414.0,,,2025-03-25 12:07:23
2025-03-25 12:07:23,19193466,BUY,0.04183,414.0,,,2025-03-25 12:07:23
2025-03-25 12:07:23,19193467,BUY,0.04183,1999.0,,,2025-03-25 12:07:23
2025-03-25 12:07:55,19193468,BUY,0.04186,128.0,,,2025-03-25 12:07:55
2025-03-25 12:07:55,19193468,BUY,0.04186,128.0,,,2025-03-25 12:07:55
2025-03-25 12:08:07,19193469,BUY,0.04188,382.0,,,2025-03-25 12:08:07
2025-03-25 12:08:07,19193469,BUY,0.04188,382.0,,,2025-03-25 12:08:07
2025-03-25 12:08:07,19193470,BUY,0.04189,147.0,,,2025-03-25 12:08:07
2025-03-25 12:08:07,19193470,BUY,0.04189,147.0,,,2025-03-25 12:08:07
2025-03-25 12:08:46,19193471,SELL,0.04185,376.0,,,2025-03-25 12:08:46
2025-03-25 12:08:46,19193472,SELL,0.04185,179.0,,,2025-03-25 12:08:46
2025-03-25 12:08:46,19193471,SELL,0.04185,376.0,,,2025-03-25 12:08:46
2025-03-25 12:08:46,19193472,SELL,0.04185,179.0,,,2025-03-25 12:08:46
2025-03-25 12:08:49,19193473,BUY,0.04188,272.0,,,2025-03-25 12:08:50
2025-03-25 12:08:49,19193473,BUY,0.04188,272.0,,,2025-03-25 12:08:50
2025-03-25 12:08:49,19193474,BUY,0.04189,90.0,,,2025-03-25 12:08:50
2025-03-25 12:08:49,19193474,BUY,0.04189,90.0,,,2025-03-25 12:08:50
2025-03-25 12:08:51,19193475,BUY,0.04191,212.0,,,2025-03-25 12:08:52
2025-03-25 12:08:51,19193475,BUY,0.04191,212.0,,,2025-03-25 12:08:52
2025-03-25 12:08:51,19193476,BUY,0.04191,1124.0,,,2025-03-25 12:08:52
2025-03-25 12:08:51,19193476,BUY,0.04191,1124.0,,,2025-03-25 12:08:52
2025-03-25 12:08:51,19193477,BUY,0.04191,127.0,,,2025-03-25 12:08:52
2025-03-25 12:08:51,19193477,BUY,0.04191,127.0,,,2025-03-25 12:08:52
2025-03-25 12:09:15,19193478,BUY,0.04191,325.0,,,2025-03-25 12:09:15
2025-03-25 12:09:15,19193478,BUY,0.04191,325.0,,,2025-03-25 12:09:15
2025-03-25 12:09:15,19193479,BUY,0.04191,89.0,,,2025-03-25 12:09:15
2025-03-25 12:09:15,19193479,BUY,0.04191,89.0,,,2025-03-25 12:09:15
2025-03-25 12:09:19,19193480,BUY,0.04191,1107.0,,,2025-03-25 12:09:19
2025-03-25 12:09:19,19193481,BUY,0.04191,212.0,,,2025-03-25 12:09:19
2025-03-25 12:09:19,19193482,BUY,0.04192,396.0,,,2025-03-25 12:09:19
2025-03-25 12:09:19,19193483,BUY,0.04193,309.0,,,2025-03-25 12:09:19
2025-03-25 12:09:19,19193484,BUY,0.04194,325.0,,,2025-03-25 12:09:19
2025-03-25 12:09:19,19193485,BUY,0.04194,562.0,,,2025-03-25 12:09:19
2025-03-25 12:09:19,19193480,BUY,0.04191,1107.0,,,2025-03-25 12:09:19
2025-03-25 12:09:19,19193486,BUY,0.04195,7166.0,,,2025-03-25 12:09:19
2025-03-25 12:09:19,19193487,BUY,0.04196,1837.0,,,2025-03-25 12:09:19
2025-03-25 12:09:19,19193488,BUY,0.04197,7165.0,,,2025-03-25 12:09:19
2025-03-25 12:09:19,19193489,BUY,0.04197,2323.0,,,2025-03-25 12:09:19
2025-03-25 12:09:19,19193490,BUY,0.04197,564.0,,,2025-03-25 12:09:19
2025-03-25 12:09:19,19193491,BUY,0.04197,206.0,,,2025-03-25 12:09:19
2025-03-25 12:09:19,19193481,BUY,0.04191,212.0,,,2025-03-25 12:09:19
2025-03-25 12:09:19,19193482,BUY,0.04192,396.0,,,2025-03-25 12:09:19
2025-03-25 12:09:19,19193483,BUY,0.04193,309.0,,,2025-03-25 12:09:19
2025-03-25 12:09:19,19193484,BUY,0.04194,325.0,,,2025-03-25 12:09:19
2025-03-25 12:09:19,19193485,BUY,0.04194,562.0,,,2025-03-25 12:09:19
2025-03-25 12:09:19,19193486,BUY,0.04195,7166.0,,,2025-03-25 12:09:19
2025-03-25 12:09:19,19193487,BUY,0.04196,1837.0,,,2025-03-25 12:09:19
2025-03-25 12:09:19,19193488,BUY,0.04197,7165.0,,,2025-03-25 12:09:19
2025-03-25 12:09:19,19193489,BUY,0.04197,2323.0,,,2025-03-25 12:09:19
2025-03-25 12:09:19,19193490,BUY,0.04197,564.0,,,2025-03-25 12:09:19
2025-03-25 12:09:19,19193491,BUY,0.04197,206.0,,,2025-03-25 12:09:19
2025-03-25 12:09:20,19193492,SELL,0.04197,154.0,,,2025-03-25 12:09:20
2025-03-25 12:09:20,19193492,SELL,0.04197,154.0,,,2025-03-25 12:09:20
2025-03-25 12:09:26,19193493,BUY,0.04199,1806.0,,,2025-03-25 12:09:26
2025-03-25 12:09:26,19193493,BUY,0.04199,1806.0,,,2025-03-25 12:09:26
2025-03-25 12:09:26,19193494,BUY,0.04199,6775.0,,,2025-03-25 12:09:26
2025-03-25 12:09:26,19193494,BUY,0.04199,6775.0,,,2025-03-25 12:09:26
2025-03-25 12:09:38,19193495,BUY,0.04205,136.0,,,2025-03-25 12:09:38
2025-03-25 12:09:38,19193495,BUY,0.04205,136.0,,,2025-03-25 12:09:38
2025-03-25 12:09:38,19193496,BUY,0.04205,1195.0,,,2025-03-25 12:09:38
2025-03-25 12:09:38,19193496,BUY,0.04205,1195.0,,,2025-03-25 12:09:38
2025-03-25 12:09:38,19193497,BUY,0.04205,1196.0,,,2025-03-25 12:09:38
2025-03-25 12:09:38,19193497,BUY,0.04205,1196.0,,,2025-03-25 12:09:38
2025-03-25 12:09:38,19193498,BUY,0.04206,5427.0,,,2025-03-25 12:09:38
2025-03-25 12:09:38,19193499,BUY,0.04206,212.0,,,2025-03-25 12:09:38
2025-03-25 12:09:38,19193500,SELL,0.04206,2787.0,,,2025-03-25 12:09:38
2025-03-25 12:09:38,19193501,BUY,0.04207,168.0,,,2025-03-25 12:09:38
2025-03-25 12:09:38,19193498,BUY,0.04206,5427.0,,,2025-03-25 12:09:38
2025-03-25 12:09:38,19193502,SELL,0.04206,14351.0,,,2025-03-25 12:09:38
2025-03-25 12:09:38,19193499,BUY,0.04206,212.0,,,2025-03-25 12:09:38
2025-03-25 12:09:38,19193503,BUY,0.04207,113.0,,,2025-03-25 12:09:38
2025-03-25 12:09:38,19193504,BUY,0.04208,55.0,,,2025-03-25 12:09:38
2025-03-25 12:09:38,19193505,BUY,0.04208,168.0,,,2025-03-25 12:09:38
2025-03-25 12:09:38,19193500,SELL,0.04206,2787.0,,,2025-03-25 12:09:38
2025-03-25 12:09:38,19193506,BUY,0.04208,168.0,,,2025-03-25 12:09:38
2025-03-25 12:09:38,19193501,BUY,0.04207,168.0,,,2025-03-25 12:09:38
2025-03-25 12:09:38,19193502,SELL,0.04206,14351.0,,,2025-03-25 12:09:38
2025-03-25 12:09:38,19193507,BUY,0.04208,166.0,,,2025-03-25 12:09:38
2025-03-25 12:09:38,19193503,BUY,0.04207,113.0,,,2025-03-25 12:09:38
2025-03-25 12:09:38,19193504,BUY,0.04208,55.0,,,2025-03-25 12:09:38
2025-03-25 12:09:38,19193505,BUY,0.04208,168.0,,,2025-03-25 12:09:38
2025-03-25 12:09:38,19193506,BUY,0.04208,168.0,,,2025-03-25 12:09:38
2025-03-25 12:09:38,19193507,BUY,0.04208,166.0,,,2025-03-25 12:09:38
2025-03-25 12:09:49,19193508,SELL,0.04203,180.0,,,2025-03-25 12:09:49
2025-03-25 12:09:49,19193508,SELL,0.04203,180.0,,,2025-03-25 12:09:49
2025-03-25 12:10:12,19193509,SELL,0.04202,526.0,,,2025-03-25 12:10:12
2025-03-25 12:10:12,19193509,SELL,0.04202,526.0,,,2025-03-25 12:10:12
2025-03-25 12:10:12,19193510,SELL,0.04201,357.0,,,2025-03-25 12:10:12
2025-03-25 12:10:12,19193510,SELL,0.04201,357.0,,,2025-03-25 12:10:12
2025-03-25 12:10:12,19193511,SELL,0.04201,212.0,,,2025-03-25 12:10:12
2025-03-25 12:10:12,19193511,SELL,0.04201,212.0,,,2025-03-25 12:10:12
2025-03-25 12:10:12,19193512,SELL,0.042,357.0,,,2025-03-25 12:10:12
2025-03-25 12:10:12,19193512,SELL,0.042,357.0,,,2025-03-25 12:10:12
2025-03-25 12:10:12,19193513,SELL,0.042,2203.0,,,2025-03-25 12:10:12
2025-03-25 12:10:12,19193514,SELL,0.04199,126.0,,,2025-03-25 12:10:12
2025-03-25 12:10:12,19193515,SELL,0.04199,126.0,,,2025-03-25 12:10:12
2025-03-25 12:10:12,19193516,SELL,0.04199,126.0,,,2025-03-25 12:10:12
2025-03-25 12:10:12,19193517,SELL,0.04199,357.0,,,2025-03-25 12:10:12
2025-03-25 12:10:12,19193518,SELL,0.04199,126.0,,,2025-03-25 12:10:12
2025-03-25 12:10:12,19193519,SELL,0.04198,357.0,,,2025-03-25 12:10:12
2025-03-25 12:10:12,19193513,SELL,0.042,2203.0,,,2025-03-25 12:10:12
2025-03-25 12:10:12,19193514,SELL,0.04199,126.0,,,2025-03-25 12:10:12
2025-03-25 12:10:12,19193520,SELL,0.04199,212.0,,,2025-03-25 12:10:12
2025-03-25 12:10:12,19193515,SELL,0.04199,126.0,,,2025-03-25 12:10:12
2025-03-25 12:10:12,19193516,SELL,0.04199,126.0,,,2025-03-25 12:10:12
2025-03-25 12:10:12,19193521,SELL,0.04197,358.0,,,2025-03-25 12:10:12
2025-03-25 12:10:12,19193517,SELL,0.04199,357.0,,,2025-03-25 12:10:12
2025-03-25 12:10:12,19193522,SELL,0.04196,420.0,,,2025-03-25 12:10:12
2025-03-25 12:10:12,19193518,SELL,0.04199,126.0,,,2025-03-25 12:10:12
2025-03-25 12:10:12,19193523,SELL,0.04196,6.0,,,2025-03-25 12:10:12
2025-03-25 12:10:12,19193519,SELL,0.04198,357.0,,,2025-03-25 12:10:12
2025-03-25 12:10:12,19193524,SELL,0.04196,2371.0,,,2025-03-25 12:10:12
2025-03-25 12:10:12,19193520,SELL,0.04199,212.0,,,2025-03-25 12:10:12
2025-03-25 12:10:12,19193525,SELL,0.04196,504.0,,,2025-03-25 12:10:12
2025-03-25 12:10:12,19193521,SELL,0.04197,358.0,,,2025-03-25 12:10:12
2025-03-25 12:10:12,19193522,SELL,0.04196,420.0,,,2025-03-25 12:10:12
2025-03-25 12:10:12,19193523,SELL,0.04196,6.0,,,2025-03-25 12:10:12
2025-03-25 12:10:12,19193524,SELL,0.04196,2371.0,,,2025-03-25 12:10:12
2025-03-25 12:10:12,19193525,SELL,0.04196,504.0,,,2025-03-25 12:10:12
2025-03-25 12:10:47,19193526,SELL,0.04194,392.0,,,2025-03-25 12:10:48
2025-03-25 12:10:47,19193526,SELL,0.04194,392.0,,,2025-03-25 12:10:48
2025-03-25 12:10:51,19193527,BUY,0.04196,245.0,,,2025-03-25 12:10:52
2025-03-25 12:10:51,19193528,BUY,0.04196,514.0,,,2025-03-25 12:10:52
2025-03-25 12:10:51,19193527,BUY,0.04196,245.0,,,2025-03-25 12:10:52
2025-03-25 12:10:51,19193528,BUY,0.04196,514.0,,,2025-03-25 12:10:52
2025-03-25 12:10:57,19193529,BUY,0.04196,682.0,,,2025-03-25 12:10:57
2025-03-25 12:10:57,19193529,BUY,0.04196,682.0,,,2025-03-25 12:10:57
2025-03-25 12:10:57,19193530,BUY,0.04197,245.0,,,2025-03-25 12:10:57
2025-03-25 12:10:57,19193531,BUY,0.04198,249.0,,,2025-03-25 12:10:57
2025-03-25 12:10:57,19193532,BUY,0.04199,860.0,,,2025-03-25 12:10:57
2025-03-25 12:10:57,19193533,BUY,0.042,102.0,,,2025-03-25 12:10:57
2025-03-25 12:10:57,19193530,BUY,0.04197,245.0,,,2025-03-25 12:10:57
2025-03-25 12:10:57,19193531,BUY,0.04198,249.0,,,2025-03-25 12:10:57
2025-03-25 12:10:57,19193532,BUY,0.04199,860.0,,,2025-03-25 12:10:57
2025-03-25 12:10:57,19193533,BUY,0.042,102.0,,,2025-03-25 12:10:57
2025-03-25 12:11:02,19193534,BUY,0.04197,392.0,,,2025-03-25 12:11:02
2025-03-25 12:11:02,19193534,BUY,0.04197,392.0,,,2025-03-25 12:11:02
2025-03-25 12:11:02,19193535,BUY,0.04197,466.0,,,2025-03-25 12:11:02
2025-03-25 12:11:02,19193535,BUY,0.04197,466.0,,,2025-03-25 12:11:02
2025-03-25 12:11:06,19193536,BUY,0.04197,669.0,,,2025-03-25 12:11:07
2025-03-25 12:11:06,19193536,BUY,0.04197,669.0,,,2025-03-25 12:11:07
2025-03-25 12:12:00,19193537,SELL,0.04194,126.0,,,2025-03-25 12:12:01
2025-03-25 12:12:00,19193537,SELL,0.04194,126.0,,,2025-03-25 12:12:01
2025-03-25 12:12:28,19193538,SELL,0.04194,150.0,,,2025-03-25 12:12:28
2025-03-25 12:12:28,19193538,SELL,0.04194,150.0,,,2025-03-25 12:12:28
2025-03-25 12:12:28,19193539,SELL,0.04193,276.0,,,2025-03-25 12:12:28
2025-03-25 12:12:28,19193539,SELL,0.04193,276.0,,,2025-03-25 12:12:28
2025-03-25 12:12:28,19193540,SELL,0.04192,266.0,,,2025-03-25 12:12:28
2025-03-25 12:12:28,19193541,SELL,0.04191,6.0,,,2025-03-25 12:12:28
2025-03-25 12:12:28,19193540,SELL,0.04192,266.0,,,2025-03-25 12:12:28
2025-03-25 12:12:28,19193541,SELL,0.04191,6.0,,,2025-03-25 12:12:28
2025-03-25 12:12:45,19193542,BUY,0.04196,194.0,,,2025-03-25 12:12:45
2025-03-25 12:12:45,19193542,BUY,0.04196,194.0,,,2025-03-25 12:12:45
2025-03-25 12:12:45,19193543,BUY,0.04196,474.0,,,2025-03-25 12:12:45
2025-03-25 12:12:45,19193543,BUY,0.04196,474.0,,,2025-03-25 12:12:45
2025-03-25 12:12:57,19193544,SELL,0.04192,194.0,,,2025-03-25 12:12:57
2025-03-25 12:12:57,19193544,SELL,0.04192,194.0,,,2025-03-25 12:12:57
2025-03-25 12:12:57,19193545,SELL,0.04191,239.0,,,2025-03-25 12:12:57
2025-03-25 12:12:57,19193545,SELL,0.04191,239.0,,,2025-03-25 12:12:57
2025-03-25 12:13:55,19193546,SELL,0.04188,194.0,,,2025-03-25 12:13:55
2025-03-25 12:13:55,19193546,SELL,0.04188,194.0,,,2025-03-25 12:13:55
2025-03-25 12:13:55,19193547,SELL,0.04187,3.0,,,2025-03-25 12:13:55
2025-03-25 12:13:55,19193547,SELL,0.04187,3.0,,,2025-03-25 12:13:55
2025-03-25 12:15:12,19193548,SELL,0.04187,578.0,,,2025-03-25 12:15:12
2025-03-25 12:15:12,19193548,SELL,0.04187,578.0,,,2025-03-25 12:15:12
2025-03-25 12:15:16,19193549,BUY,0.04187,129.0,,,2025-03-25 12:15:16
2025-03-25 12:15:16,19193549,BUY,0.04187,129.0,,,2025-03-25 12:15:16
2025-03-25 12:15:43,19193550,SELL,0.04184,194.0,,,2025-03-25 12:15:43
2025-03-25 12:15:43,19193550,SELL,0.04184,194.0,,,2025-03-25 12:15:43
2025-03-25 12:15:43,19193551,SELL,0.04182,195.0,,,2025-03-25 12:15:43
2025-03-25 12:15:43,19193551,SELL,0.04182,195.0,,,2025-03-25 12:15:43
2025-03-25 12:15:43,19193552,SELL,0.04181,195.0,,,2025-03-25 12:15:43
2025-03-25 12:15:43,19193553,SELL,0.0418,195.0,,,2025-03-25 12:15:43
2025-03-25 12:15:43,19193554,SELL,0.04179,194.0,,,2025-03-25 12:15:43
2025-03-25 12:15:43,19193552,SELL,0.04181,195.0,,,2025-03-25 12:15:43
2025-03-25 12:15:43,19193553,SELL,0.0418,195.0,,,2025-03-25 12:15:43
2025-03-25 12:15:43,19193555,SELL,0.04178,27.0,,,2025-03-25 12:15:43
2025-03-25 12:15:43,19193554,SELL,0.04179,194.0,,,2025-03-25 12:15:43
2025-03-25 12:15:43,19193556,SELL,0.04179,195.0,,,2025-03-25 12:15:43
2025-03-25 12:15:43,19193555,SELL,0.04178,27.0,,,2025-03-25 12:15:43
2025-03-25 12:15:43,19193557,SELL,0.04178,217.0,,,2025-03-25 12:15:43
2025-03-25 12:15:43,19193556,SELL,0.04179,195.0,,,2025-03-25 12:15:43
2025-03-25 12:15:43,19193557,SELL,0.04178,217.0,,,2025-03-25 12:15:43
2025-03-25 12:16:09,19193558,BUY,0.04182,495.0,,,2025-03-25 12:16:09
2025-03-25 12:16:09,19193558,BUY,0.04182,495.0,,,2025-03-25 12:16:09
2025-03-25 12:16:18,19193559,BUY,0.04183,194.0,,,2025-03-25 12:16:19
2025-03-25 12:16:18,19193560,BUY,0.04183,81.0,,,2025-03-25 12:16:19
2025-03-25 12:16:18,19193559,BUY,0.04183,194.0,,,2025-03-25 12:16:19
2025-03-25 12:16:18,19193560,BUY,0.04183,81.0,,,2025-03-25 12:16:19
2025-03-25 12:16:19,19193561,SELL,0.04178,495.0,,,2025-03-25 12:16:19
2025-03-25 12:16:19,19193562,SELL,0.04177,568.0,,,2025-03-25 12:16:19
2025-03-25 12:16:19,19193561,SELL,0.04178,495.0,,,2025-03-25 12:16:19
2025-03-25 12:16:19,19193562,SELL,0.04177,568.0,,,2025-03-25 12:16:19
2025-03-25 12:16:29,19193563,BUY,0.04181,193.0,,,2025-03-25 12:16:29
2025-03-25 12:16:29,19193564,BUY,0.04181,2.0,,,2025-03-25 12:16:29
2025-03-25 12:16:29,19193563,BUY,0.04181,193.0,,,2025-03-25 12:16:29
2025-03-25 12:16:29,19193564,BUY,0.04181,2.0,,,2025-03-25 12:16:29
2025-03-25 12:16:33,19193565,SELL,0.04175,193.0,,,2025-03-25 12:16:33
2025-03-25 12:16:33,19193565,SELL,0.04175,193.0,,,2025-03-25 12:16:33
2025-03-25 12:16:33,19193566,SELL,0.04174,194.0,,,2025-03-25 12:16:33
2025-03-25 12:16:33,19193566,SELL,0.04174,194.0,,,2025-03-25 12:16:33
2025-03-25 12:16:33,19193567,SELL,0.04173,194.0,,,2025-03-25 12:16:33
2025-03-25 12:16:33,19193568,SELL,0.04172,979.0,,,2025-03-25 12:16:33
2025-03-25 12:16:33,19193569,SELL,0.04171,2323.0,,,2025-03-25 12:16:33
2025-03-25 12:16:33,19193570,SELL,0.04169,2387.0,,,2025-03-25 12:16:33
2025-03-25 12:16:33,19193567,SELL,0.04173,194.0,,,2025-03-25 12:16:33
2025-03-25 12:16:33,19193571,SELL,0.04168,1929.0,,,2025-03-25 12:16:33
2025-03-25 12:16:33,19193568,SELL,0.04172,979.0,,,2025-03-25 12:16:33
2025-03-25 12:16:33,19193569,SELL,0.04171,2323.0,,,2025-03-25 12:16:33
2025-03-25 12:16:33,19193570,SELL,0.04169,2387.0,,,2025-03-25 12:16:33
2025-03-25 12:16:33,19193571,SELL,0.04168,1929.0,,,2025-03-25 12:16:33
2025-03-25 12:16:49,19193572,BUY,0.04178,123.0,,,2025-03-25 12:16:49
2025-03-25 12:16:49,19193572,BUY,0.04178,123.0,,,2025-03-25 12:16:49
2025-03-25 12:16:52,19193573,BUY,0.04179,194.0,,,2025-03-25 12:16:52
2025-03-25 12:16:52,19193573,BUY,0.04179,194.0,,,2025-03-25 12:16:52
2025-03-25 12:16:52,19193574,BUY,0.0418,24.0,,,2025-03-25 12:16:52
2025-03-25 12:16:52,19193574,BUY,0.0418,24.0,,,2025-03-25 12:16:52
2025-03-25 12:16:56,19193575,BUY,0.0418,170.0,,,2025-03-25 12:16:56
2025-03-25 12:16:56,19193575,BUY,0.0418,170.0,,,2025-03-25 12:16:56
2025-03-25 12:16:56,19193576,BUY,0.04181,91.0,,,2025-03-25 12:16:56
2025-03-25 12:16:56,19193576,BUY,0.04181,91.0,,,2025-03-25 12:16:56
2025-03-25 12:17:00,19193577,BUY,0.04181,103.0,,,2025-03-25 12:17:01
2025-03-25 12:17:00,19193577,BUY,0.04181,103.0,,,2025-03-25 12:17:01
2025-03-25 12:17:00,19193578,BUY,0.04182,134.0,,,2025-03-25 12:17:01
2025-03-25 12:17:00,19193578,BUY,0.04182,134.0,,,2025-03-25 12:17:01
2025-03-25 12:17:06,19193579,SELL,0.04177,122.0,,,2025-03-25 12:17:07
2025-03-25 12:17:06,19193579,SELL,0.04177,122.0,,,2025-03-25 12:17:07
2025-03-25 12:17:21,19193580,SELL,0.04175,178.0,,,2025-03-25 12:17:21
2025-03-25 12:17:21,19193581,SELL,0.04174,146.0,,,2025-03-25 12:17:21
2025-03-25 12:17:21,19193580,SELL,0.04175,178.0,,,2025-03-25 12:17:21
2025-03-25 12:17:21,19193581,SELL,0.04174,146.0,,,2025-03-25 12:17:21
2025-03-25 12:17:40,19193582,BUY,0.04179,192.0,,,2025-03-25 12:17:41
2025-03-25 12:17:40,19193582,BUY,0.04179,192.0,,,2025-03-25 12:17:41
2025-03-25 12:17:40,19193583,BUY,0.0418,192.0,,,2025-03-25 12:17:41
2025-03-25 12:17:40,19193583,BUY,0.0418,192.0,,,2025-03-25 12:17:41
2025-03-25 12:17:40,19193584,BUY,0.04181,192.0,,,2025-03-25 12:17:41
2025-03-25 12:17:40,19193585,BUY,0.04181,212.0,,,2025-03-25 12:17:41
2025-03-25 12:17:40,19193586,BUY,0.04182,59.0,,,2025-03-25 12:17:41
2025-03-25 12:17:40,19193587,BUY,0.04182,133.0,,,2025-03-25 12:17:41
2025-03-25 12:17:40,19193584,BUY,0.04181,192.0,,,2025-03-25 12:17:41
2025-03-25 12:17:40,19193588,BUY,0.04183,193.0,,,2025-03-25 12:17:41
2025-03-25 12:17:40,19193585,BUY,0.04181,212.0,,,2025-03-25 12:17:41
2025-03-25 12:17:40,19193589,BUY,0.04184,195.0,,,2025-03-25 12:17:41
2025-03-25 12:17:40,19193586,BUY,0.04182,59.0,,,2025-03-25 12:17:41
2025-03-25 12:17:40,19193590,BUY,0.04184,582.0,,,2025-03-25 12:17:41
2025-03-25 12:17:40,19193587,BUY,0.04182,133.0,,,2025-03-25 12:17:41
2025-03-25 12:17:40,19193588,BUY,0.04183,193.0,,,2025-03-25 12:17:41
2025-03-25 12:17:40,19193589,BUY,0.04184,195.0,,,2025-03-25 12:17:41
2025-03-25 12:17:40,19193590,BUY,0.04184,582.0,,,2025-03-25 12:17:41
2025-03-25 12:17:43,19193591,BUY,0.04182,192.0,,,2025-03-25 12:17:43
2025-03-25 12:17:43,19193592,BUY,0.04183,212.0,,,2025-03-25 12:17:43
2025-03-25 12:17:43,19193593,BUY,0.04183,192.0,,,2025-03-25 12:17:43
2025-03-25 12:17:43,19193591,BUY,0.04182,192.0,,,2025-03-25 12:17:43
2025-03-25 12:17:43,19193594,BUY,0.04184,1271.0,,,2025-03-25 12:17:43
2025-03-25 12:17:43,19193592,BUY,0.04183,212.0,,,2025-03-25 12:17:43
2025-03-25 12:17:43,19193595,BUY,0.04185,83.0,,,2025-03-25 12:17:43
2025-03-25 12:17:43,19193593,BUY,0.04183,192.0,,,2025-03-25 12:17:43
2025-03-25 12:17:43,19193594,BUY,0.04184,1271.0,,,2025-03-25 12:17:43
2025-03-25 12:17:43,19193595,BUY,0.04185,83.0,,,2025-03-25 12:17:43
2025-03-25 12:17:46,19193596,BUY,0.04183,578.0,,,2025-03-25 12:17:46
2025-03-25 12:17:46,19193596,BUY,0.04183,578.0,,,2025-03-25 12:17:46
2025-03-25 12:17:46,19193597,BUY,0.04184,191.0,,,2025-03-25 12:17:46
2025-03-25 12:17:46,19193597,BUY,0.04184,191.0,,,2025-03-25 12:17:46
2025-03-25 12:17:46,19193598,BUY,0.04184,212.0,,,2025-03-25 12:17:46
2025-03-25 12:17:46,19193598,BUY,0.04184,212.0,,,2025-03-25 12:17:46
2025-03-25 12:17:46,19193599,BUY,0.04184,927.0,,,2025-03-25 12:17:46
2025-03-25 12:17:46,19193599,BUY,0.04184,927.0,,,2025-03-25 12:17:46
2025-03-25 12:17:46,19193600,BUY,0.04185,42.0,,,2025-03-25 12:17:46
2025-03-25 12:17:46,19193600,BUY,0.04185,42.0,,,2025-03-25 12:17:46
2025-03-25 12:17:48,19193601,BUY,0.04185,69.0,,,2025-03-25 12:17:48
2025-03-25 12:17:48,19193601,BUY,0.04185,69.0,,,2025-03-25 12:17:48
2025-03-25 12:17:48,19193602,BUY,0.04185,1000.0,,,2025-03-25 12:17:48
2025-03-25 12:17:48,19193603,BUY,0.04186,194.0,,,2025-03-25 12:17:48
2025-03-25 12:17:48,19193602,BUY,0.04185,1000.0,,,2025-03-25 12:17:48
2025-03-25 12:17:48,19193603,BUY,0.04186,194.0,,,2025-03-25 12:17:48
2025-03-25 12:17:48,19193604,BUY,0.04186,463.0,,,2025-03-25 12:17:48
2025-03-25 12:17:48,19193604,BUY,0.04186,463.0,,,2025-03-25 12:17:48
2025-03-25 12:17:48,19193605,BUY,0.04187,64.0,,,2025-03-25 12:17:48
2025-03-25 12:17:48,19193605,BUY,0.04187,64.0,,,2025-03-25 12:17:48
2025-03-25 12:17:50,19193606,SELL,0.04181,191.0,,,2025-03-25 12:17:51
2025-03-25 12:17:50,19193607,SELL,0.0418,191.0,,,2025-03-25 12:17:51
2025-03-25 12:17:50,19193608,SELL,0.0418,212.0,,,2025-03-25 12:17:51
2025-03-25 12:17:50,19193609,SELL,0.04179,64.0,,,2025-03-25 12:17:51
2025-03-25 12:17:50,19193606,SELL,0.04181,191.0,,,2025-03-25 12:17:51
2025-03-25 12:17:50,19193607,SELL,0.0418,191.0,,,2025-03-25 12:17:51
2025-03-25 12:17:50,19193608,SELL,0.0418,212.0,,,2025-03-25 12:17:51
2025-03-25 12:17:50,19193609,SELL,0.04179,64.0,,,2025-03-25 12:17:51
2025-03-25 12:17:52,19193610,SELL,0.04179,127.0,,,2025-03-25 12:17:53
2025-03-25 12:17:52,19193610,SELL,0.04179,127.0,,,2025-03-25 12:17:53
2025-03-25 12:17:52,19193611,SELL,0.04179,212.0,,,2025-03-25 12:17:53
2025-03-25 12:17:52,19193611,SELL,0.04179,212.0,,,2025-03-25 12:17:53
2025-03-25 12:17:52,19193612,SELL,0.04178,191.0,,,2025-03-25 12:17:53
2025-03-25 12:17:52,19193612,SELL,0.04178,191.0,,,2025-03-25 12:17:53
2025-03-25 12:17:52,19193613,SELL,0.04177,39.0,,,2025-03-25 12:17:53
2025-03-25 12:17:52,19193613,SELL,0.04177,39.0,,,2025-03-25 12:17:53
2025-03-25 12:18:36,19193614,BUY,0.04183,191.0,,,2025-03-25 12:18:37
2025-03-25 12:18:36,19193614,BUY,0.04183,191.0,,,2025-03-25 12:18:37
2025-03-25 12:18:36,19193615,BUY,0.04184,191.0,,,2025-03-25 12:18:37
2025-03-25 12:18:36,19193615,BUY,0.04184,191.0,,,2025-03-25 12:18:37
2025-03-25 12:18:36,19193616,BUY,0.04185,133.0,,,2025-03-25 12:18:37
2025-03-25 12:18:36,19193616,BUY,0.04185,133.0,,,2025-03-25 12:18:37
2025-03-25 12:18:49,19193617,SELL,0.0418,194.0,,,2025-03-25 12:18:49
2025-03-25 12:18:49,19193617,SELL,0.0418,194.0,,,2025-03-25 12:18:49
2025-03-25 12:18:49,19193618,SELL,0.04179,160.0,,,2025-03-25 12:18:49
2025-03-25 12:18:49,19193618,SELL,0.04179,160.0,,,2025-03-25 12:18:49
2025-03-25 12:18:53,19193619,BUY,0.04184,129.0,,,2025-03-25 12:18:53
2025-03-25 12:18:53,19193619,BUY,0.04184,129.0,,,2025-03-25 12:18:53
2025-03-25 12:19:23,19193620,SELL,0.0418,195.0,,,2025-03-25 12:19:23
2025-03-25 12:19:23,19193620,SELL,0.0418,195.0,,,2025-03-25 12:19:23
2025-03-25 12:19:33,19193621,SELL,0.04179,34.0,,,2025-03-25 12:19:33
2025-03-25 12:19:33,19193622,SELL,0.04179,161.0,,,2025-03-25 12:19:33
2025-03-25 12:19:33,19193623,SELL,0.04178,148.0,,,2025-03-25 12:19:33
2025-03-25 12:19:33,19193621,SELL,0.04179,34.0,,,2025-03-25 12:19:33
2025-03-25 12:19:33,19193622,SELL,0.04179,161.0,,,2025-03-25 12:19:33
2025-03-25 12:19:33,19193623,SELL,0.04178,148.0,,,2025-03-25 12:19:33
2025-03-25 12:19:37,19193624,SELL,0.04178,46.0,,,2025-03-25 12:19:37
2025-03-25 12:19:37,19193625,SELL,0.04177,153.0,,,2025-03-25 12:19:37
2025-03-25 12:19:37,19193626,SELL,0.04176,192.0,,,2025-03-25 12:19:37
2025-03-25 12:19:37,19193624,SELL,0.04178,46.0,,,2025-03-25 12:19:37
2025-03-25 12:19:37,19193627,SELL,0.04175,192.0,,,2025-03-25 12:19:37
2025-03-25 12:19:37,19193625,SELL,0.04177,153.0,,,2025-03-25 12:19:37
2025-03-25 12:19:37,19193628,SELL,0.04174,7.0,,,2025-03-25 12:19:37
2025-03-25 12:19:37,19193629,SELL,0.04174,185.0,,,2025-03-25 12:19:37
2025-03-25 12:19:37,19193626,SELL,0.04176,192.0,,,2025-03-25 12:19:37
2025-03-25 12:19:37,19193630,SELL,0.04174,1880.0,,,2025-03-25 12:19:37
2025-03-25 12:19:37,19193627,SELL,0.04175,192.0,,,2025-03-25 12:19:37
2025-03-25 12:19:37,19193631,SELL,0.04173,1000.0,,,2025-03-25 12:19:37
2025-03-25 12:19:37,19193628,SELL,0.04174,7.0,,,2025-03-25 12:19:37
2025-03-25 12:19:37,19193629,SELL,0.04174,185.0,,,2025-03-25 12:19:37
2025-03-25 12:19:37,19193630,SELL,0.04174,1880.0,,,2025-03-25 12:19:37
2025-03-25 12:19:37,19193631,SELL,0.04173,1000.0,,,2025-03-25 12:19:37
2025-03-25 12:19:44,19193632,SELL,0.04173,192.0,,,2025-03-25 12:19:44
2025-03-25 12:19:44,19193632,SELL,0.04173,192.0,,,2025-03-25 12:19:44
2025-03-25 12:19:44,19193633,SELL,0.04172,191.0,,,2025-03-25 12:19:44
2025-03-25 12:19:44,19193633,SELL,0.04172,191.0,,,2025-03-25 12:19:44
2025-03-25 12:19:44,19193634,SELL,0.04172,1171.0,,,2025-03-25 12:19:44
2025-03-25 12:19:44,19193634,SELL,0.04172,1171.0,,,2025-03-25 12:19:44
2025-03-25 12:19:44,19193635,SELL,0.04171,2323.0,,,2025-03-25 12:19:44
2025-03-25 12:19:44,19193636,SELL,0.0417,5474.0,,,2025-03-25 12:19:44
2025-03-25 12:19:44,19193635,SELL,0.04171,2323.0,,,2025-03-25 12:19:44
2025-03-25 12:19:44,19193637,SELL,0.04168,8651.0,,,2025-03-25 12:19:44
2025-03-25 12:19:44,19193638,SELL,0.04167,3191.0,,,2025-03-25 12:19:44
2025-03-25 12:19:44,19193636,SELL,0.0417,5474.0,,,2025-03-25 12:19:44
2025-03-25 12:19:44,19193639,SELL,0.04167,259.0,,,2025-03-25 12:19:44
2025-03-25 12:19:44,19193637,SELL,0.04168,8651.0,,,2025-03-25 12:19:44
2025-03-25 12:19:44,19193638,SELL,0.04167,3191.0,,,2025-03-25 12:19:44
2025-03-25 12:19:44,19193639,SELL,0.04167,259.0,,,2025-03-25 12:19:44
2025-03-25 12:19:44,19193640,BUY,0.04167,6936.0,,,2025-03-25 12:19:44
2025-03-25 12:19:44,19193640,BUY,0.04167,6936.0,,,2025-03-25 12:19:44
2025-03-25 12:19:44,19193641,BUY,0.04167,15845.0,,,2025-03-25 12:19:44
2025-03-25 12:19:44,19193641,BUY,0.04167,15845.0,,,2025-03-25 12:19:44
2025-03-25 12:20:10,19193642,BUY,0.04174,160.0,,,2025-03-25 12:20:11
2025-03-25 12:20:10,19193642,BUY,0.04174,160.0,,,2025-03-25 12:20:11
2025-03-25 12:20:11,19193643,SELL,0.04175,309.0,,,2025-03-25 12:20:11
2025-03-25 12:20:11,19193643,SELL,0.04175,309.0,,,2025-03-25 12:20:11
2025-03-25 12:20:47,19193644,SELL,0.04172,726.0,,,2025-03-25 12:20:47
2025-03-25 12:20:47,19193644,SELL,0.04172,726.0,,,2025-03-25 12:20:47
2025-03-25 12:20:47,19193645,SELL,0.04172,223.0,,,2025-03-25 12:20:47
2025-03-25 12:20:47,19193645,SELL,0.04172,223.0,,,2025-03-25 12:20:47
2025-03-25 12:21:20,19193646,SELL,0.0417,184.0,,,2025-03-25 12:21:20
2025-03-25 12:21:20,19193646,SELL,0.0417,184.0,,,2025-03-25 12:21:20
2025-03-25 12:21:20,19193647,SELL,0.04169,25.0,,,2025-03-25 12:21:20
2025-03-25 12:21:20,19193647,SELL,0.04169,25.0,,,2025-03-25 12:21:20
2025-03-25 12:21:30,19193648,BUY,0.04175,221.0,,,2025-03-25 12:21:30
2025-03-25 12:21:30,19193648,BUY,0.04175,221.0,,,2025-03-25 12:21:30
2025-03-25 12:21:39,19193649,BUY,0.04175,95.0,,,2025-03-25 12:21:39
2025-03-25 12:21:39,19193649,BUY,0.04175,95.0,,,2025-03-25 12:21:39
2025-03-25 12:21:39,19193650,BUY,0.04176,79.0,,,2025-03-25 12:21:39
2025-03-25 12:21:39,19193650,BUY,0.04176,79.0,,,2025-03-25 12:21:39
2025-03-25 12:22:11,19193651,SELL,0.04171,217.0,,,2025-03-25 12:22:12
2025-03-25 12:22:11,19193652,SELL,0.0417,217.0,,,2025-03-25 12:22:12
2025-03-25 12:22:11,19193651,SELL,0.04171,217.0,,,2025-03-25 12:22:12
2025-03-25 12:22:11,19193652,SELL,0.0417,217.0,,,2025-03-25 12:22:12
2025-03-25 12:22:11,19193653,BUY,0.0417,18.0,,,2025-03-25 12:22:12
2025-03-25 12:22:11,19193653,BUY,0.0417,18.0,,,2025-03-25 12:22:12
2025-03-25 12:22:18,19193654,BUY,0.04175,184.0,,,2025-03-25 12:22:19
2025-03-25 12:22:18,19193654,BUY,0.04175,184.0,,,2025-03-25 12:22:19
2025-03-25 12:22:18,19193655,BUY,0.04176,27.0,,,2025-03-25 12:22:19
2025-03-25 12:22:18,19193655,BUY,0.04176,27.0,,,2025-03-25 12:22:19
2025-03-25 12:22:47,19193656,BUY,0.04177,195.0,,,2025-03-25 12:22:48
2025-03-25 12:22:47,19193656,BUY,0.04177,195.0,,,2025-03-25 12:22:48
2025-03-25 12:22:47,19193657,BUY,0.04178,195.0,,,2025-03-25 12:22:48
2025-03-25 12:22:47,19193658,BUY,0.04179,195.0,,,2025-03-25 12:22:48
2025-03-25 12:22:47,19193659,BUY,0.0418,195.0,,,2025-03-25 12:22:48
2025-03-25 12:22:47,19193660,BUY,0.04181,66.0,,,2025-03-25 12:22:48
2025-03-25 12:22:47,19193657,BUY,0.04178,195.0,,,2025-03-25 12:22:48
2025-03-25 12:22:47,19193658,BUY,0.04179,195.0,,,2025-03-25 12:22:48
2025-03-25 12:22:47,19193659,BUY,0.0418,195.0,,,2025-03-25 12:22:48
2025-03-25 12:22:47,19193660,BUY,0.04181,66.0,,,2025-03-25 12:22:48
2025-03-25 12:23:49,19193661,BUY,0.04181,129.0,,,2025-03-25 12:23:49
2025-03-25 12:23:49,19193661,BUY,0.04181,129.0,,,2025-03-25 12:23:49
2025-03-25 12:23:49,19193662,BUY,0.04182,193.0,,,2025-03-25 12:23:49
2025-03-25 12:23:49,19193662,BUY,0.04182,193.0,,,2025-03-25 12:23:49
2025-03-25 12:25:31,19193663,SELL,0.04177,181.0,,,2025-03-25 12:25:31
2025-03-25 12:25:31,19193664,SELL,0.04176,181.0,,,2025-03-25 12:25:31
2025-03-25 12:25:31,19193665,SELL,0.04175,166.0,,,2025-03-25 12:25:31
2025-03-25 12:25:31,19193663,SELL,0.04177,181.0,,,2025-03-25 12:25:31
2025-03-25 12:25:31,19193664,SELL,0.04176,181.0,,,2025-03-25 12:25:31
2025-03-25 12:25:31,19193665,SELL,0.04175,166.0,,,2025-03-25 12:25:31
2025-03-25 12:26:24,19193666,BUY,0.0418,126.0,,,2025-03-25 12:26:24
2025-03-25 12:26:24,19193666,BUY,0.0418,126.0,,,2025-03-25 12:26:24
2025-03-25 12:26:30,19193667,BUY,0.0418,57.0,,,2025-03-25 12:26:31
2025-03-25 12:26:30,19193667,BUY,0.0418,57.0,,,2025-03-25 12:26:31
2025-03-25 12:26:30,19193668,BUY,0.04181,108.0,,,2025-03-25 12:26:31
2025-03-25 12:26:30,19193668,BUY,0.04181,108.0,,,2025-03-25 12:26:31
2025-03-25 12:26:35,19193669,BUY,0.0418,185.0,,,2025-03-25 12:26:36
2025-03-25 12:26:35,19193669,BUY,0.0418,185.0,,,2025-03-25 12:26:36
2025-03-25 12:26:35,19193670,BUY,0.04182,2.0,,,2025-03-25 12:26:36
2025-03-25 12:26:35,19193671,BUY,0.04182,3.0,,,2025-03-25 12:26:36
2025-03-25 12:26:35,19193670,BUY,0.04182,2.0,,,2025-03-25 12:26:36
2025-03-25 12:26:35,19193671,BUY,0.04182,3.0,,,2025-03-25 12:26:36
2025-03-25 12:26:48,19193672,BUY,0.04181,122.0,,,2025-03-25 12:26:48
2025-03-25 12:26:48,19193672,BUY,0.04181,122.0,,,2025-03-25 12:26:48
2025-03-25 12:26:50,19193673,SELL,0.04176,185.0,,,2025-03-25 12:26:51
2025-03-25 12:26:50,19193673,SELL,0.04176,185.0,,,2025-03-25 12:26:51
2025-03-25 12:26:50,19193674,SELL,0.04175,15.0,,,2025-03-25 12:26:51
2025-03-25 12:26:50,19193674,SELL,0.04175,15.0,,,2025-03-25 12:26:51
2025-03-25 12:26:50,19193675,SELL,0.04175,170.0,,,2025-03-25 12:26:51
2025-03-25 12:26:50,19193675,SELL,0.04175,170.0,,,2025-03-25 12:26:51
2025-03-25 12:26:50,19193676,SELL,0.04174,7.0,,,2025-03-25 12:26:51
2025-03-25 12:26:50,19193676,SELL,0.04174,7.0,,,2025-03-25 12:26:51
2025-03-25 12:27:20,19193677,BUY,0.04179,162.0,,,2025-03-25 12:27:20
2025-03-25 12:27:20,19193677,BUY,0.04179,162.0,,,2025-03-25 12:27:20
2025-03-25 12:27:29,19193678,SELL,0.04175,186.0,,,2025-03-25 12:27:29
2025-03-25 12:27:29,19193679,SELL,0.04174,174.0,,,2025-03-25 12:27:29
2025-03-25 12:27:29,19193680,SELL,0.04173,186.0,,,2025-03-25 12:27:29
2025-03-25 12:27:29,19193681,SELL,0.04172,181.0,,,2025-03-25 12:27:29
2025-03-25 12:27:29,19193682,SELL,0.04172,586.0,,,2025-03-25 12:27:29
2025-03-25 12:27:29,19193683,SELL,0.04171,183.0,,,2025-03-25 12:27:29
2025-03-25 12:27:29,19193678,SELL,0.04175,186.0,,,2025-03-25 12:27:29
2025-03-25 12:27:29,19193679,SELL,0.04174,174.0,,,2025-03-25 12:27:29
2025-03-25 12:27:29,19193680,SELL,0.04173,186.0,,,2025-03-25 12:27:29
2025-03-25 12:27:29,19193681,SELL,0.04172,181.0,,,2025-03-25 12:27:29
2025-03-25 12:27:29,19193682,SELL,0.04172,586.0,,,2025-03-25 12:27:29
2025-03-25 12:27:29,19193683,SELL,0.04171,183.0,,,2025-03-25 12:27:29
2025-03-25 12:30:06,19193684,BUY,0.04172,300.0,,,2025-03-25 12:30:06
2025-03-25 12:30:06,19193684,BUY,0.04172,300.0,,,2025-03-25 12:30:06
2025-03-25 12:30:47,19193685,SELL,0.04169,361.0,,,2025-03-25 12:30:47
2025-03-25 12:30:47,19193686,SELL,0.04168,361.0,,,2025-03-25 12:30:47
2025-03-25 12:30:47,19193687,SELL,0.04167,259.0,,,2025-03-25 12:30:47
2025-03-25 12:30:47,19193688,SELL,0.04167,361.0,,,2025-03-25 12:30:47
2025-03-25 12:30:47,19193689,SELL,0.04167,293.0,,,2025-03-25 12:30:47
2025-03-25 12:30:47,19193685,SELL,0.04169,361.0,,,2025-03-25 12:30:47
2025-03-25 12:30:47,19193686,SELL,0.04168,361.0,,,2025-03-25 12:30:47
2025-03-25 12:30:47,19193687,SELL,0.04167,259.0,,,2025-03-25 12:30:47
2025-03-25 12:30:47,19193688,SELL,0.04167,361.0,,,2025-03-25 12:30:47
2025-03-25 12:30:47,19193689,SELL,0.04167,293.0,,,2025-03-25 12:30:47
2025-03-25 12:31:04,19193690,BUY,0.0417,164.0,,,2025-03-25 12:31:04
2025-03-25 12:31:04,19193690,BUY,0.0417,164.0,,,2025-03-25 12:31:04
2025-03-25 12:31:06,19193691,BUY,0.0417,335.0,,,2025-03-25 12:31:06
2025-03-25 12:31:06,19193691,BUY,0.0417,335.0,,,2025-03-25 12:31:06
2025-03-25 12:31:31,19193692,BUY,0.0417,150.0,,,2025-03-25 12:31:32
2025-03-25 12:31:31,19193692,BUY,0.0417,150.0,,,2025-03-25 12:31:32
2025-03-25 12:31:31,19193693,BUY,0.0417,45.0,,,2025-03-25 12:31:32
2025-03-25 12:31:31,19193693,BUY,0.0417,45.0,,,2025-03-25 12:31:32
2025-03-25 12:31:36,19193694,BUY,0.0417,138.0,,,2025-03-25 12:31:36
2025-03-25 12:31:36,19193694,BUY,0.0417,138.0,,,2025-03-25 12:31:36
2025-03-25 12:31:37,19193695,SELL,0.04166,240.0,,,2025-03-25 12:31:38
2025-03-25 12:31:37,19193695,SELL,0.04166,240.0,,,2025-03-25 12:31:38
2025-03-25 12:31:43,19193696,SELL,0.04166,8332.0,,,2025-03-25 12:31:43
2025-03-25 12:31:43,19193696,SELL,0.04166,8332.0,,,2025-03-25 12:31:43
2025-03-25 12:31:43,19193697,SELL,0.04166,26073.0,,,2025-03-25 12:31:43
2025-03-25 12:31:43,19193697,SELL,0.04166,26073.0,,,2025-03-25 12:31:43
2025-03-25 12:31:43,19193698,SELL,0.04162,144.0,,,2025-03-25 12:31:43
2025-03-25 12:31:43,19193698,SELL,0.04162,144.0,,,2025-03-25 12:31:43
2025-03-25 12:31:43,19193699,SELL,0.04162,652.0,,,2025-03-25 12:31:43
2025-03-25 12:31:43,19193699,SELL,0.04162,652.0,,,2025-03-25 12:31:43
2025-03-25 12:31:43,19193700,SELL,0.0416,264.0,,,2025-03-25 12:31:43
2025-03-25 12:31:43,19193700,SELL,0.0416,264.0,,,2025-03-25 12:31:43
2025-03-25 12:31:43,19193701,SELL,0.04157,369.0,,,2025-03-25 12:31:43
2025-03-25 12:31:43,19193701,SELL,0.04157,369.0,,,2025-03-25 12:31:43
2025-03-25 12:31:43,19193702,SELL,0.04157,422.0,,,2025-03-25 12:31:43
2025-03-25 12:31:43,19193703,SELL,0.04157,293.0,,,2025-03-25 12:31:43
2025-03-25 12:31:43,19193704,SELL,0.04156,3136.0,,,2025-03-25 12:31:43
2025-03-25 12:31:43,19193705,SELL,0.04156,339.0,,,2025-03-25 12:31:43
2025-03-25 12:31:43,19193702,SELL,0.04157,422.0,,,2025-03-25 12:31:43
2025-03-25 12:31:43,19193703,SELL,0.04157,293.0,,,2025-03-25 12:31:43
2025-03-25 12:31:43,19193704,SELL,0.04156,3136.0,,,2025-03-25 12:31:43
2025-03-25 12:31:43,19193705,SELL,0.04156,339.0,,,2025-03-25 12:31:43
2025-03-25 12:31:43,19193706,SELL,0.04156,1465.0,,,2025-03-25 12:31:43
2025-03-25 12:31:43,19193706,SELL,0.04156,1465.0,,,2025-03-25 12:31:43
2025-03-25 12:31:43,19193707,SELL,0.04155,146.0,,,2025-03-25 12:31:43
2025-03-25 12:31:43,19193707,SELL,0.04155,146.0,,,2025-03-25 12:31:43
2025-03-25 12:31:49,19193708,BUY,0.04155,269.0,,,2025-03-25 12:31:49
2025-03-25 12:31:49,19193708,BUY,0.04155,269.0,,,2025-03-25 12:31:49
2025-03-25 12:31:51,19193709,BUY,0.04156,240.0,,,2025-03-25 12:31:51
2025-03-25 12:31:51,19193709,BUY,0.04156,240.0,,,2025-03-25 12:31:51
2025-03-25 12:32:04,19193710,SELL,0.04151,273.0,,,2025-03-25 12:32:04
2025-03-25 12:32:04,19193710,SELL,0.04151,273.0,,,2025-03-25 12:32:04
2025-03-25 12:32:04,19193711,SELL,0.0415,265.0,,,2025-03-25 12:32:04
2025-03-25 12:32:04,19193711,SELL,0.0415,265.0,,,2025-03-25 12:32:04
2025-03-25 12:32:04,19193712,SELL,0.0415,438.0,,,2025-03-25 12:32:04
2025-03-25 12:32:04,19193712,SELL,0.0415,438.0,,,2025-03-25 12:32:04
2025-03-25 12:32:53,19193713,BUY,0.04156,121.0,,,2025-03-25 12:32:53
2025-03-25 12:32:53,19193713,BUY,0.04156,121.0,,,2025-03-25 12:32:53
2025-03-25 12:32:59,19193714,BUY,0.04156,222.0,,,2025-03-25 12:32:59
2025-03-25 12:32:59,19193714,BUY,0.04156,222.0,,,2025-03-25 12:32:59
2025-03-25 12:33:23,19193715,BUY,0.04157,280.0,,,2025-03-25 12:33:23
2025-03-25 12:33:23,19193715,BUY,0.04157,280.0,,,2025-03-25 12:33:23
2025-03-25 12:33:23,19193716,BUY,0.04157,116.0,,,2025-03-25 12:33:24
2025-03-25 12:33:23,19193716,BUY,0.04157,116.0,,,2025-03-25 12:33:24
2025-03-25 12:33:23,19193717,BUY,0.04158,19.0,,,2025-03-25 12:33:24
2025-03-25 12:33:23,19193717,BUY,0.04158,19.0,,,2025-03-25 12:33:24
2025-03-25 12:33:29,19193718,BUY,0.04158,154.0,,,2025-03-25 12:33:29
2025-03-25 12:33:29,19193718,BUY,0.04158,154.0,,,2025-03-25 12:33:29
2025-03-25 12:34:55,19193719,BUY,0.04159,210.0,,,2025-03-25 12:34:55
2025-03-25 12:34:55,19193720,BUY,0.0416,89.0,,,2025-03-25 12:34:55
2025-03-25 12:34:55,19193719,BUY,0.04159,210.0,,,2025-03-25 12:34:55
2025-03-25 12:34:55,19193720,BUY,0.0416,89.0,,,2025-03-25 12:34:55
2025-03-25 12:34:55,19193721,BUY,0.0416,152.0,,,2025-03-25 12:34:55
2025-03-25 12:34:55,19193721,BUY,0.0416,152.0,,,2025-03-25 12:34:55
2025-03-25 12:35:01,19193722,BUY,0.04161,299.0,,,2025-03-25 12:35:01
2025-03-25 12:35:01,19193723,BUY,0.04162,15.0,,,2025-03-25 12:35:01
2025-03-25 12:35:01,19193722,BUY,0.04161,299.0,,,2025-03-25 12:35:01
2025-03-25 12:35:01,19193723,BUY,0.04162,15.0,,,2025-03-25 12:35:01
2025-03-25 12:35:50,19193724,BUY,0.04162,284.0,,,2025-03-25 12:35:50
2025-03-25 12:35:50,19193725,BUY,0.04162,231.0,,,2025-03-25 12:35:50
2025-03-25 12:35:50,19193726,BUY,0.04163,299.0,,,2025-03-25 12:35:50
2025-03-25 12:35:50,19193727,BUY,0.04163,214.0,,,2025-03-25 12:35:50
2025-03-25 12:35:50,19193724,BUY,0.04162,284.0,,,2025-03-25 12:35:50
2025-03-25 12:35:50,19193725,BUY,0.04162,231.0,,,2025-03-25 12:35:50
2025-03-25 12:35:50,19193726,BUY,0.04163,299.0,,,2025-03-25 12:35:50
2025-03-25 12:35:50,19193727,BUY,0.04163,214.0,,,2025-03-25 12:35:50
2025-03-25 12:36:02,19193728,SELL,0.04158,127.0,,,2025-03-25 12:36:02
2025-03-25 12:36:02,19193728,SELL,0.04158,127.0,,,2025-03-25 12:36:02
2025-03-25 12:36:11,19193729,BUY,0.04163,149.0,,,2025-03-25 12:36:11
2025-03-25 12:36:11,19193729,BUY,0.04163,149.0,,,2025-03-25 12:36:11
2025-03-25 12:36:11,19193730,SELL,0.04157,188.0,,,2025-03-25 12:36:11
2025-03-25 12:36:11,19193730,SELL,0.04157,188.0,,,2025-03-25 12:36:11
2025-03-25 12:36:11,19193731,SELL,0.04157,183.0,,,2025-03-25 12:36:11
2025-03-25 12:36:11,19193731,SELL,0.04157,183.0,,,2025-03-25 12:36:11
2025-03-25 12:36:14,19193732,BUY,0.04162,120.0,,,2025-03-25 12:36:15
2025-03-25 12:36:14,19193732,BUY,0.04162,120.0,,,2025-03-25 12:36:15
2025-03-25 12:36:33,19193733,BUY,0.04162,63.0,,,2025-03-25 12:36:33
2025-03-25 12:36:33,19193734,BUY,0.04163,189.0,,,2025-03-25 12:36:33
2025-03-25 12:36:33,19193733,BUY,0.04162,63.0,,,2025-03-25 12:36:33
2025-03-25 12:36:33,19193734,BUY,0.04163,189.0,,,2025-03-25 12:36:33
2025-03-25 12:37:01,19193735,BUY,0.04163,41.0,,,2025-03-25 12:37:01
2025-03-25 12:37:01,19193735,BUY,0.04163,41.0,,,2025-03-25 12:37:01
2025-03-25 12:37:01,19193736,BUY,0.04164,378.0,,,2025-03-25 12:37:01
2025-03-25 12:37:01,19193737,BUY,0.04165,40.0,,,2025-03-25 12:37:01
2025-03-25 12:37:01,19193736,BUY,0.04164,378.0,,,2025-03-25 12:37:01
2025-03-25 12:37:01,19193737,BUY,0.04165,40.0,,,2025-03-25 12:37:01
2025-03-25 12:37:01,19193738,SELL,0.04159,234.0,,,2025-03-25 12:37:01
2025-03-25 12:37:01,19193739,SELL,0.04158,234.0,,,2025-03-25 12:37:01
2025-03-25 12:37:01,19193740,SELL,0.04157,185.0,,,2025-03-25 12:37:01
2025-03-25 12:37:01,19193741,SELL,0.04156,311.0,,,2025-03-25 12:37:01
2025-03-25 12:37:01,19193742,SELL,0.04156,231.0,,,2025-03-25 12:37:01
2025-03-25 12:37:01,19193743,SELL,0.04155,167.0,,,2025-03-25 12:37:01
2025-03-25 12:37:01,19193744,SELL,0.04154,299.0,,,2025-03-25 12:37:01
2025-03-25 12:37:01,19193738,SELL,0.04159,234.0,,,2025-03-25 12:37:01
2025-03-25 12:37:01,19193745,BUY,0.04154,35381.0,,,2025-03-25 12:37:01
2025-03-25 12:37:01,19193739,SELL,0.04158,234.0,,,2025-03-25 12:37:01
2025-03-25 12:37:01,19193746,BUY,0.04159,214.0,,,2025-03-25 12:37:01
2025-03-25 12:37:01,19193740,SELL,0.04157,185.0,,,2025-03-25 12:37:01
2025-03-25 12:37:01,19193747,BUY,0.0416,214.0,,,2025-03-25 12:37:01
2025-03-25 12:37:01,19193741,SELL,0.04156,311.0,,,2025-03-25 12:37:01
2025-03-25 12:37:01,19193742,SELL,0.04156,231.0,,,2025-03-25 12:37:01
2025-03-25 12:37:01,19193743,SELL,0.04155,167.0,,,2025-03-25 12:37:01
2025-03-25 12:37:01,19193744,SELL,0.04154,299.0,,,2025-03-25 12:37:01
2025-03-25 12:37:01,19193745,BUY,0.04154,35381.0,,,2025-03-25 12:37:01
2025-03-25 12:37:01,19193746,BUY,0.04159,214.0,,,2025-03-25 12:37:01
2025-03-25 12:37:01,19193747,BUY,0.0416,214.0,,,2025-03-25 12:37:01
2025-03-25 12:37:03,19193748,BUY,0.04161,178.0,,,2025-03-25 12:37:03
2025-03-25 12:37:03,19193748,BUY,0.04161,178.0,,,2025-03-25 12:37:03
2025-03-25 12:37:21,19193749,BUY,0.04161,36.0,,,2025-03-25 12:37:21
2025-03-25 12:37:21,19193749,BUY,0.04161,36.0,,,2025-03-25 12:37:21
2025-03-25 12:37:21,19193750,BUY,0.04162,88.0,,,2025-03-25 12:37:21
2025-03-25 12:37:21,19193750,BUY,0.04162,88.0,,,2025-03-25 12:37:21
2025-03-25 12:37:35,19193751,BUY,0.04162,123.0,,,2025-03-25 12:37:35
2025-03-25 12:37:35,19193751,BUY,0.04162,123.0,,,2025-03-25 12:37:35
2025-03-25 12:38:08,19193752,SELL,0.04157,160.0,,,2025-03-25 12:38:08
2025-03-25 12:38:08,19193752,SELL,0.04157,160.0,,,2025-03-25 12:38:08
2025-03-25 12:38:23,19193753,SELL,0.04157,54.0,,,2025-03-25 12:38:23
2025-03-25 12:38:23,19193753,SELL,0.04157,54.0,,,2025-03-25 12:38:23
2025-03-25 12:38:23,19193754,SELL,0.04157,1203.0,,,2025-03-25 12:38:23
2025-03-25 12:38:23,19193754,SELL,0.04157,1203.0,,,2025-03-25 12:38:23
2025-03-25 12:38:24,19193755,BUY,0.04155,162.0,,,2025-03-25 12:38:25
2025-03-25 12:38:24,19193756,BUY,0.04156,27.0,,,2025-03-25 12:38:25
2025-03-25 12:38:24,19193755,BUY,0.04155,162.0,,,2025-03-25 12:38:25
2025-03-25 12:38:24,19193756,BUY,0.04156,27.0,,,2025-03-25 12:38:25
2025-03-25 12:38:29,19193757,BUY,0.04156,202.0,,,2025-03-25 12:38:29
2025-03-25 12:38:29,19193757,BUY,0.04156,202.0,,,2025-03-25 12:38:29
2025-03-25 12:38:36,19193758,SELL,0.04154,309.0,,,2025-03-25 12:38:36
2025-03-25 12:38:36,19193758,SELL,0.04154,309.0,,,2025-03-25 12:38:36
2025-03-25 12:38:50,19193759,SELL,0.04152,274.0,,,2025-03-25 12:38:50
2025-03-25 12:38:50,19193759,SELL,0.04152,274.0,,,2025-03-25 12:38:50
2025-03-25 12:38:50,19193760,SELL,0.04151,21000.0,,,2025-03-25 12:38:50
2025-03-25 12:38:50,19193760,SELL,0.04151,21000.0,,,2025-03-25 12:38:50
2025-03-25 12:38:50,19193761,SELL,0.04151,231.0,,,2025-03-25 12:38:50
2025-03-25 12:38:50,19193761,SELL,0.04151,231.0,,,2025-03-25 12:38:50
2025-03-25 12:38:50,19193762,SELL,0.0415,200.0,,,2025-03-25 12:38:50
2025-03-25 12:38:50,19193762,SELL,0.0415,200.0,,,2025-03-25 12:38:50
2025-03-25 12:38:50,19193763,SELL,0.0415,2521.0,,,2025-03-25 12:38:50
2025-03-25 12:38:50,19193763,SELL,0.0415,2521.0,,,2025-03-25 12:38:50
2025-03-25 12:38:55,19193764,BUY,0.0415,134.0,,,2025-03-25 12:38:55
2025-03-25 12:38:55,19193764,BUY,0.0415,134.0,,,2025-03-25 12:38:55
2025-03-25 12:39:42,19193765,BUY,0.0415,140.0,,,2025-03-25 12:39:42
2025-03-25 12:39:42,19193765,BUY,0.0415,140.0,,,2025-03-25 12:39:42
2025-03-25 12:39:42,19193766,BUY,0.0415,581.0,,,2025-03-25 12:39:42
2025-03-25 12:39:42,19193766,BUY,0.0415,581.0,,,2025-03-25 12:39:42
2025-03-25 12:39:42,19193767,BUY,0.04151,29949.0,,,2025-03-25 12:39:42
2025-03-25 12:39:42,19193767,BUY,0.04151,29949.0,,,2025-03-25 12:39:42
2025-03-25 12:39:52,19193768,SELL,0.04155,160.0,,,2025-03-25 12:39:53
2025-03-25 12:39:52,19193768,SELL,0.04155,160.0,,,2025-03-25 12:39:53
2025-03-25 12:41:11,19193769,SELL,0.04155,302.0,,,2025-03-25 12:41:11
2025-03-25 12:41:11,19193769,SELL,0.04155,302.0,,,2025-03-25 12:41:11
2025-03-25 12:41:11,19193770,SELL,0.04154,68.0,,,2025-03-25 12:41:11
2025-03-25 12:41:11,19193770,SELL,0.04154,68.0,,,2025-03-25 12:41:11
2025-03-25 12:41:15,19193771,SELL,0.04153,220.0,,,2025-03-25 12:41:16
2025-03-25 12:41:15,19193771,SELL,0.04153,220.0,,,2025-03-25 12:41:16
2025-03-25 12:41:17,19193772,SELL,0.04153,245.0,,,2025-03-25 12:41:18
2025-03-25 12:41:17,19193772,SELL,0.04153,245.0,,,2025-03-25 12:41:18
2025-03-25 12:41:17,19193773,SELL,0.04152,136.0,,,2025-03-25 12:41:18
2025-03-25 12:41:17,19193773,SELL,0.04152,136.0,,,2025-03-25 12:41:18
2025-03-25 12:41:21,19193774,SELL,0.04152,329.0,,,2025-03-25 12:41:21
2025-03-25 12:41:21,19193775,SELL,0.04151,235.0,,,2025-03-25 12:41:21
2025-03-25 12:41:21,19193774,SELL,0.04152,329.0,,,2025-03-25 12:41:21
2025-03-25 12:41:21,19193775,SELL,0.04151,235.0,,,2025-03-25 12:41:21
2025-03-25 12:41:27,19193776,BUY,0.04156,419.0,,,2025-03-25 12:41:27
2025-03-25 12:41:27,19193776,BUY,0.04156,419.0,,,2025-03-25 12:41:27
2025-03-25 12:41:34,19193777,BUY,0.04156,118.0,,,2025-03-25 12:41:34
2025-03-25 12:41:34,19193777,BUY,0.04156,118.0,,,2025-03-25 12:41:34
2025-03-25 12:41:34,19193778,BUY,0.04157,20.0,,,2025-03-25 12:41:34
2025-03-25 12:41:34,19193778,BUY,0.04157,20.0,,,2025-03-25 12:41:34
2025-03-25 12:41:58,19193779,BUY,0.04157,132.0,,,2025-03-25 12:41:58
2025-03-25 12:41:58,19193779,BUY,0.04157,132.0,,,2025-03-25 12:41:58
2025-03-25 12:41:58,19193780,BUY,0.04157,131.0,,,2025-03-25 12:41:58
